2686 4822
213 359 255 406 ια
497 292 504 307 ’
536 335 586 402 Μ.
608 335 645 402 r.
671 330 949 404 orcanours

207 468 328 554 potest
341 452 444 543 lieri,
464 454 564 552 quod
586 454 628 526 fit
653 455 691 525 in
712 453 835 526 multis
862 452 1144 552 quaestionibus,
1161 469 1204 525 ut
1219 480 1279 527 res

204 565 394 638 verbosior
420 564 496 636 haec
525 563 656 652 fuerit,
690 563 751 635 illa
780 565 908 635 verior.
934 562 1206 656 Quamobrem,
1237 581 1280 637 ut

204 680 360 748 maxima
378 676 423 747 dc
437 700 497 765 re,
515 700 621 773 aequo
646 674 769 746 animo
784 673 1015 761 deliberanti,
1040 674 1089 744 ita
1106 673 1197 744 mibi
1214 672 1280 745 des

206 786 397 858 consilium
416 784 533 858 velim.
547 785 655 857 Navis
665 799 701 856 et
715 785 754 855 in
769 781 932 857 Caieta²³
948 798 1001 856 est
1016 797 1140 882 parata
1152 783 1278 872 nobis,

206 910 244 971 et
260 895 450 968 Brundisii.

253 1007 323 1079 Sed
345 1030 429 1079 ecce
448 1006 588 1093 nuntii,
624 1004 807 1076 scribente
843 1029 902 1076 me
923 1004 998 1075 haec
1012 1005 1090 1100 ipsa
1111 1018 1222 1075 noctu
1240 1006 1277 1075 in

203 1117 357 1203 Caleno,
384 1140 468 1189 ecce
495 1115 605 1187 literae
622 1170 632 1203 ,
650 1119 824 1187 Caesarem
847 1113 890 1185 ad
911 1111 1128 1199 Corfinium,
1151 1116 1278 1184 Domi-

203 1231 296 1301 tium
324 1225 476 1299 Corfinii
503 1251 586 1298 cum
613 1225 720 1296 firmo
748 1230 935 1313 exercitu,
962 1239 999 1296 et
1022 1248 1185 1322 pugnare
1213 1248 1278 1296 cu·

203 1338 339 1436 piente.
359 1341 443 1410 Non
464 1351 557 1434 puto
581 1338 688 1407 etiam
712 1334 783 1407 hoc
805 1340 952 1407 Cnaeum
982 1348 1148 1405 nostrum
1177 1360 1277 1407 com·

204 1449 420 1533 missurum,
444 1461 486 1517 ut
509 1446 709 1517 Domitium
732 1445 937 1543 relinquat:
960 1448 1026 1516 etsi
1047 1443 1278 1516 Brundisium

203 1556 408 1653 Scipionem
422 1579 506 1626 cum
514 1553 728 1626 cohortibus
735 1553 915 1626 duabus²4
926 1554 1162 1652 praemiserat;
1171 1554 1279 1651 legio·

204 1691 290 1738 nem
307 1671 439 1737 Fausto
450 1662 484 1709 ²⁵
502 1668 763 1765 conscriptam,
786 1670 825 1737 in
838 1666 991 1738 Siciliam
1010 1657 1080 1736 sibi
1099 1665 1279 1763 placeres

206 1775 356 1847 consule
373 1774 473 1862 duci,
495 1778 684 1873 scripserat
700 1775 746 1846 ad
765 1776 939 1847 consules.
956 1774 1026 1847 Sed
1041 1790 1146 1873 turpe
1155 1777 1279 1845 Domi-

205 1887 297 1957 tium
317 1885 483 1956 deserere
502 1887 594 1973 erit,
615 1886 870 1983 implorantem
899 1887 975 1982 ejus
1002 1886 1187 1957 auxilium.
1215 1890 1280 1957 Est

205 1992 372 2091 quaedam
394 2017 496 2091 spes,
520 1988 617 2064 'mihi
635 1995 783 2092 quidem
805 2021 881 2067 non
902 2020 1048 2093 magna,
1073 1995 1137 2067 sed
1160 1998 1196 2066 in
1222 1998 1280 2067 his

204 2103 294 2175 locis
305 2102 428 2191 firma,
447 2102 632 2176 Afranium
644 2107 681 2176 in
697 2110 865 2201 Pyrenaeo
878 2130 961 2177 cum
977 2104 1160 2177 Trebonio
1167 2102 1199 2147 ²⁶
1215 2131 1280 2203 pu·

205 2237 353 2311 gnasse,
385 2213 529 2311 pulsum
558 2215 805 2304 Trebonium,
842 2220 949 2287 etiam
982 2216 1133 2288 Fabium
1172 2230 1278 2289 tuum

205 2327 374 2397 transisse
384 2337 415 2383 ²⁷
427 2351 509 2397 cum
521 2326 734 2399 cohortibus
750 2354 757 2396 :
771 2351 911 2399 summa
929 2341 1070 2415 autem,
1089 2325 1279 2398 Afranium

204 2459 288 2544 cum
307 2424 444 2534 magnis
466 2438 578 2536 copiis
599 2436 803 2509 adventare.
821 2438 864 2509 Id
884 2440 913 2509 si
934 2452 1006 2524 est,
1027 2437 1065 2507 in
1085 2435 1184 2507 ltalia
1201 2434 1278 2508 for·

204 2560 297 2618 tasse
319 2546 535 2619 manebitur.
566 2553 644 2646 Ego
672 2563 811 2636 autem,
838 2572 953 2644 quum
981 2561 1073 2618 esset
1098 2547 1279 2616 incertum

204 2655 274 2726 iter
292 2658 456 2744 Caesaris,
478 2655 580 2753 quod
598 2658 655 2728 vel
676 2656 722 2727 ad
743 2662 923 2754 Capuam,
945 2657 1000 2727 vel
1022 2656 1067 2728 ad
1088 2657 1278 2747 Luceriam

205 2765 323 2836 iturus
338 2764 556 2862 putabatur,
574 2772 726 2864 Leptam
744 2768 789 2838 ad
807 2769 1021 2865 Pompeium
1038 2767 1120 2838 misi
1141 2781 1177 2838 et
1197 2767 1279 2838 lite-

204 2898 282 2962 ras3
301 2875 398 2972 ipse,
417 2901 464 2946 ne
482 2901 557 2972 quo
576 2875 792 2965 inciderem,
810 2881 942 2950 reverti
959 2879 1127 2949 Formias.
1144 2883 1227 2949 llaec
1242 2893 1278 2950 te

204 2986 295 3057 scire
309 2985 426 3073 volui,
441 2989 641 3084 scripsique
651 2987 829 3061 sedatiore
840 2993 977 3076 auimo,
989 3014 1098 3087 quam
1113 2990 1279 3087 proxime

203 3099 435 3201 scripseram,
453 3097 595 3168 nullum
614 3123 734 3170 meum
747 3099 924 3196 judicium
942 3103 1192 3197 interponens,
1215 3099 1278 3171 sed

205 3207 400 3305 exquirens
417 3221 535 3278 tuum.

203 3344 244 3424 pe¹
257 3368 286 3407 nt
302 3375 349 3407 nec
365 3361 483 3425 accipiam
499 3359 662 3424 triumphurn,
675 3376 721 3408 nec
765 3377 825 3409 num
849 3361 962 3412 videatur
983 3358 1118 3429 legionibus
1138 3360 1279 3411 emendare.

208 3453 259 3486 non
274 3439 401 3505 accipiam.
415 3442 463 3488 En.
764 3442 882 3489 Manus.
1189 3429 1191 3432 ’

241 3518 285 3566 αὖ.
302 3520 333 3565 In
351 3517 444 3567 Caieta.
468 3519 550 3568 Caieta
569 3517 609 3567 hic
627 3534 717 3567 nomen
802 3521 845 3567 25.
858 3521 956 3567 Farssto.
970 3517 1045 3566 Solle
1059 3516 1185 3567 dictatoris
1198 3517 1261 3568 lilio.

207 3605 244 3647 est
263 3595 327 3645 villae
347 3597 474 3647 Ciceronis
486 3597 512 3645 in
529 3613 588 3661 agro
602 3597 718 3648 Caietano
799 3600 842 3649 26.
854 3597 983 3647 Trebonio.
991 3597 1280 3660 Coessrlslegato.Conn.

207 3675 270 3725 sisse.
284 3675 381 3725 Idcirco
401 3676 477 3736 dixit,
498 3677 524 3724 in
546 3677 648 3736 Caieta,
667 3693 718 3725 non
801 3695 843 3739 27.
867 3677 999 3726 Transisse.
1022 3680 1052 3725 ln
1078 3689 1155 3726 cestra
1174 3678 1279 3728 Afranii.

208 3754 307 3806 Caieta.
321 3757 361 3804 Sic
374 3773 413 3822 ep.
428 3773 452 3818 7,
460 3755 503 3803 lib.
514 3758 585 3804 xlv.
598 3759 700 3805 Bosrus.
765 3759 836 3807 Mart.
849 3784 884 3794 -
896 3758 956 3805 ltaec
972 3757 1053 3805 omnis
1072 3756 1130 3804 falsa
1140 3769 1217 3805 erant.
1232 3761 1280 3806 Fa·

243 3841 286 3890 aa.
302 3834 361 3882 Cam
375 3833 515 3883 cohortibus
530 3834 635 3884 duabus.
654 3837 720 3884 lufra
764 3836 926 3901 binsquidem
939 3852 953 3883 s
966 3838 1061 3886 Caesare
1074 3837 1161 3884 missus
1171 3854 1227 3885 cnm
1237 3839 1282 3886 tri·

209 3924 289 3963 umen
302 3914 432 3978 Pompeius
450 3914 500 3962 suis
517 3914 593 3961 literis
606 3915 720 3963 cobortes
763 3917 810 3964 bns
822 3915 975 3979 legionibus,
995 3919 1140 3980 brennum
1163 3917 1278 3966 transiit:

206 4009 252 4042 xrs
282 3992 426 4057 legionarias
448 3994 604 4044 Brundisium
628 3995 720 4043 misisse
765 3995 808 4044 sed
817 3995 919 4043 verbnm
934 3996 1040 4044 troanie
1050 3995 1121 4043 aliter
1136 3980 1277 4061 intelligen-

205 4069 335 4138 significat.
347 4072 382 4121 Ut
392 4088 448 4139 ¹non
459 4072 593 4124 absurdum
607 4084 649 4123 snt
661 4074 722 4123 slie-
766 4073 825 4124 dnm
836 4074 898 4124 Ικυο
908 4073 971 4124 vidit
980 4075 1048 4124 blan.
1059 4074 1106 4124 En.
