2686 4822
172 365 432 434 EPISTOLAE
457 364 526 433 ΑΙ)
552 363 940 448 Artlcumvul,
968 361 1000 435 5.
1082 364 1124 436 15

68 584 1114 610 mfflmfflfflmfflwbmwmfflmfflmmmmmm

328 789 330 792 ⁴
395 779 702 860 EPISTOLA
730 780 778 857 V.

66 965 224 1042 Dionysium
240 964 278 1023 ad
300 963 458 1023 sevenisse
482 962 599 1036 scribit,
622 963 834 1041 epistolamque
853 961 890 1020 ad
907 982 973 1021 eum
988 965 1126 1043 scriptam

95 1060 147 1119 sibi
155 1061 309 1120 utAtticus
316 1058 500 1119 referendam
512 1072 604 1130 curet,
617 1058 704 1137 petit:
718 1059 788 1116 novi
801 1058 874 1117 nihil
886 1078 949 1117 esse
962 1058 1043 1136 quod
1053 1064 1127 1120 scri-

96 1156 162 1229 bat,
184 1157 245 1227 ait,
259 1157 455 1232 Tironemque
469 1156 560 1215 Curio
574 1153 772 1213 commendari
792 1155 866 1213 ruit.
883 1158 931 1231 (lu
947 1156 1123 1228 Formiano,

95 1273 167 1312 anuo
178 1259 216 1314 U.
231 1256 263 1312 C.
278 1261 351 1325 704,
366 1272 467 1310 meuse
478 1250 648 1322 februario.)

393 1434 549 1502 CICERO
572 1434 730 1498 ATTICO
754 1435 787 1498 S.

102 1592 219 1680 Qouu
237 1600 321 1656 ante
337 1584 454 1656 lucem
476 1608 527 1654 ux
544 1580 615 1652 kal.
631 1581 750 1651 literas
767 1581 812 1652 ad
834 1581 930 1653 tede
947 1585 1125 1680 Dionysio

60 1695 247 1784 dedissem,
267 1696 407 1792 vesperi
424 1692 470 1764 ad
493 1714 562 1764 uos
584 1691 715 1763 eodem
736 1690 794 1762 die
818 1695 917 1762 venit
938 1695 1018 1790 ipse
1038 1698 1127 1768 Dio-

58 1810 191 1902 nysius,
213 1809 429 1876 auctoritate
448 1818 511 1873 tua
530 1816 740 1900 permotus,
767 1816 811 1872 ut
825 1807 999 1901 suspicor.
1024 1805 1126 1895 Quid

57 1919 143 1987 euim
166 1930 292 2014 putem
313 1913 438 1986 aliud?
458 1913 526 1984 etsi
549 1911 642 1983 solet
660 1935 763 2000 eum,
781 1935 895 2007 quuru
916 1912 1051 2011 aliquid
1068 1912 1127 1986 lu·

57 2029 143 2097 riose
162 2025 265 2114 lecit,
281 2027 471 2124 poenitere.
491 2026 699 2119 Numquam
716 2035 837 2093 autem
859 2028 1008 2094 certior¹
1038 2021 1129 2114 fuit,

56 2161 158 2232 quam
184 2137 224 2206 in
252 2137 322 2207 hoc
350 2136 505 2233 negotiu.
537 2138 651 2219 Nam,
675 2132 774 2229 quod
801 2131 846 2203 ad
873 2147 910 2205 te
938 2160 1013 2205 non
1042 2137 1128 2207 scri·

55 2269 213 2341 pseram,
245 2261 369 2343 postea
405 2242 547 2334 audiri,
568 2243 714 2315 atertio
742 2242 909 2314 milliario
937 2261 1016 2315 tum
1040 2270 1123 2317 eum

56 2352 158 2445 didos²

203 2509 290 2564 Πολλὰ
305 2509 388 2580 μάτην
404 2508 532 2580 κεράεσσιν
549 2509 573 2569 ἐς
586 2508 647 2577 elipe
662 2506 815 2575 lupqirerte'

56 2655 174 2742 multa,
188 2659 338 2753 inquam
349 2710 358 2742 ‚
368 2656 551 2727 malaeum
559 2653 710 2740 dixisse;
726 2677 793 2726 suo
805 2655 933 2752 capiti,
951 2671 993 2727 ut
1007 2658 1122 2731 aiunt.

55 2768 119 2838 Sed
146 2794 171 2839 o
200 2792 318 2838 meam
348 2763 682 2837 mansuetudinem!
706 2766 940 2861 Conjeceram
968 2768 1005 2838 iu
1026 2766 1127 2841 iasci-

54 2877 173 2946 culum
191 2902 264 2946 una
284 2900 367 2947 cum
382 2890 444 2946 tua
462 2874 714 2947 vehementem
730 2875 775 2946 ad
793 2876 896 2946 illum
911 2878 1098 2975 epistolam
1116 2909 1125 2951 :

54 2984 142 3058 hanc
162 2985 285 3057 adme
305 2983 433 3072 referri
451 2985 553 3072 volo;
572 3009 640 3057 nec
657 2983 768 3055 ullam
788 2982 838 3056 ob
859 2984 964 3055 aliam
982 3011 1126 3059 causam

54 3096 241 3183 Pollicem,
259 3119 402 3168 servum
427 3120 448 3166 a
468 3094 624 3193 pedibus
642 3097 752 3183 meis,
779 3101 930 3167 Romam
957 3101 1047 3168 misi.
1073 3105 1126 3170 Eo

54 3207 170 3277 autem
190 3204 235 3275 ad
257 3221 293 3276 te
320 3207 466 3302 scripsi,
495 3219 554 3292 ut,
577 3207 606 3275 si
633 3204 698 3276 tibi
724 3203 818 3276 forte
843 3205 984 3278 reddita
1007 3225 1125 3301 esset,

55 3315 139 3386 mihi
158 3339 303 3387 curares
316 3312 559 3402 referendam
577 3339 624 3385 ne
641 3315 679 3384 in
697 3313 794 3386 illius
814 3340 944 3387 manus
959 3323 1125 3415 perveni·

89 3550 110 3582 r.
126 3533 227 3582 Certior.
240 3531 329 3582 Certus
348 3533 391 3581 hic
412 3544 466 3593 est,
492 3548 564 3596 quem
609 3533 700 3580 bovem
710 3531 847 3580 describere
856 3533 1022 3598 voluisse‚qui
1032 3536 1126 3599 senum,

56 3613 168 3662 lloratius
194 3623 267 3660 voest
295 3612 417 3677 propositi
445 3622 564 3660 tenacem.
609 3611 705 3675 paleas,
719 3612 840 3672 festucas,
857 3622 930 3675 atque
947 3612 1009 3660 adeo
1027 3630 1125 3664 arenam

57 3693 108 3739 Bos,
120 3721 156 3730 -
173 3693 234 3741 Nou
245 3702 282 3739 est
298 3690 367 3755 quod
382 3692 468 3740 tetrior
481 3708 565 3739 emen·
609 3693 686 3755 ipsam
699 3690 816 3738 comibus
829 3701 965 3755 spargeret,
981 3708 1126 3759 sursumque

57 3770 135 3818 demus
146 3788 201 3819 cum
218 3771 275 3819 Sela.
293 3771 340 3819 En.
608 3770 721 3830 jactaret.
730 3770 759 3818 Ei
772 3769 860 3818 Cicero
874 3771 1023 3834 Dionysium
1037 3776 1126 3823 sssimi·

89 3866 113 3899 a.
128 3838 207 3915 lidus.
230 3872 242 3892 ι
253 3852 337 3913 Quum
358 3850 468 3908 fureret,
490 3850 566 3897 multe
580 3850 592 3873 '
610 3849 653 3908 lat,
664 3849 708 3913 qui
724 3859 753 3896 ut
765 3847 795 3896 ab
807 3850 861 3912 ipso
874 3848 1029 3911 discesserat,
1047 3853 1123 3901 multa

58 3928 166 3977 comibus
179 3932 267 3977 frustra
282 3931 307 3977 iu
316 3945 394 3977 serem
404 3930 536 3994 projecisse
543 3951 564 3971 ι.
609 3927 635 3975 in
647 3944 703 3975 eum
714 3929 805 3988 jecerat
822 3926 959 3977 maledicta.
980 3933 1035 3979 Hoc
1051 3949 1124 3980 sensu

60 4007 172 4055 lacertum
182 4020 219 4056 est
232 4009 302 4068 cujus
316 4009 347 4055 sit
364 4009 480 4056 auctoris.
490 4006 563 4055 Vide·
608 4007 733 4055 Catullus:
745 4004 938 4068 «Nequidquam
949 4010 1019 4056 ranis
1029 4012 1122 4071 jacten-

60 4094 191 4148 tutantem,
202 4089 313 4151 quisquis
324 4086 427 4150 illetnit,
441 4087 560 4135 furentem
606 4097 653 4134 tem
669 4087 879 4133 comparentis».
898 4085 944 4134 En.
