2686 4822
168 331 214 405 32
500 332 549 402 Μ.
575 334 614 402 Τ.
637 333 916 405 CICERONIS

165 455 307 527 ratione
324 451 459 525 fecisse.
475 454 557 523 Mea
571 476 653 549 quae
671 478 815 551 semper
831 454 940 526 fuerit
958 460 1156 549 sententia,
1172 462 1323 560 pri-

167 590 269 636 mum
290 563 336 635 de
351 587 439 661 pace
454 563 511 634 vel
526 564 651 660 iniqua
664 564 874 635 conditione
887 566 1097 655 retinenda,
1112 569 1328 643 deiude:

164 675 212 747 de
230 673 331 747 Urbe
350 677 458 770 (nam
473 671 520 743 de
548 673 649 744 Italia
669 673 817 770 quidem
843 674 934 745 nihil
958 676 1047 747 mibi
1070 697 1330 778 umquau-

165 783 414 877 ostenderas),
437 784 645 854 meminisse
682 798 718 854 te
743 781 911 854 arbitror.
943 784 1014 856 Sed
1045 787 1137 859 mibi
1168 807 1333 862 non-

166 919 290 982 sumo,
311 909 353 964 ut
365 916 487 963 meum
505 893 699 963 consilium
716 893 835 963 valere
856 892 1048 966 debuerit:
1067 914 1337 996 sequutus&

167 1028 246 1076 sum
268 1017 395 1090 tuum,
416 1026 536 1098 neque
560 1002 596 1071 id
615 1002 825 1100 reipublicae
839 1026 963 1091 causa,
976 1004 1022 1077 de
1033 1032 1105 1104 qua
1118 1008 1338 1108 dape-⁶·-

164 1115 257 1200 ravi,
276 1137 357 1210 quae
378 1125 414 1183 et
434 1136 533 1182 nunc
555 1111 685 1183 alllicta
703 1127 776 1198 est,
798 1137 866 1185 nec
884 1119 1032 1187 excitari
1050 1121 1129 1191 sine.
1149 1111 1339 1192 civiti

162 1222 466 1323 perniciosissimo
478 1220 576 1292 bello
596 1237 717 1320 potest
733 1250 741 1292 ε
756 1223 818 1294 sed
828 1238 864 1295 te
879 1225 1105 1321 quaerebam3
1123 1244 1242 1302 tecum
1267 1244 1337 1295 .-

163 1358 241 1406 esse
259 1331 472 1430 cupiebam3
492 1355 613 1428 neque
628 1332 706 1426 ejus
720 1335 772 1403 rei
784 1331 1010 1424 facultatem,
1029 1338 1059 1408 si
1071 1361 1145 1435 qua
1158 1342 1242 1427 erit,
1278 1380 1336 1411 a

162 1443 446 1542 praetermittam.
463 1445 540 1538 Ego
556 1465 615 1511 me
634 1443 671 1511 in
689 1440 757 1513 bac
776 1446 876 1513 omni
891 1469 999 1517 causa
1017 1445 1121 1520 facile
1136 1449 1242 1522 intel·
1277 1474 1336 1497 ⁴·

163 1552 318 1651 ligabam
334 1550 520 1649 pugnandi
543 1551 685 1649 cupidis
704 1550 916 1624 hominibus
933 1579 1007 1626 non
1026 1556 1241 1632 satisfacere.
1318 1602 1331 1613 -

162 1665 323 1735 Primum
346 1662 442 1732 eninr
476 1686 550 1758 prae
576 1686 635 1732 me
660 1662 748 1748 tuli,
772 1687 832 1733 me
862 1664 956 1759 nibil
978 1666 1105 1753 malle,
1130 1692 1241 1765 quam

163 1798 290 1872 pacem
312 1799 320 1842 :
343 1797 419 1842 non
439 1775 529 1868 quin
549 1771 673 1843 eadem
693 1774 880 1860 timerem,
901 1799 984 1871 quae
1008 1775 1058 1845 illi
1076 1803 1086 1865 ;
1114 1778 1180 1849 sed
1199 1803 1242 1851 ea

161 1883 260 1955 bello
286 1881 380 1953 civili
400 1882 535 1953 leviora
560 1880 749 1952 ducebam.
778 1884 893 1971 Inde,
925 1901 1094 1983 suscepto
1117 1885 1239 1977 bello,

163 2017 277 2091 quum
296 1993 395 2090 pacis
415 1991 643 2062 conditiones
665 1990 710 2061 ad
732 2007 768 2062 te
793 1990 934 2080 afferri,
954 2017 975 2063 a
994 2007 1105 2090 teque
1126 1995 1174 2068 ad
1199 2020 1241 2069 ea

162 2100 362 2175 honorifice
381 2117 417 2172 et
440 2102 538 2198 large
564 2101 777 2198 responderi
804 2102 983 2192 viderem,
1008 2103 1095 2176 duxi
1120 2130 1240 2181 meam

58 2272 62 2279 .
159 2207 381 2298 rationem⁸;
404 2236 514 2309 quam
533 2210 600 2281 tibi
622 2210 724 2283 facile
742 2236 800 2282 me
817 2211 1074 2308 probaturum,
1092 2239 1163 2313 pro
1173 2232 1241 2292 tuo

160 2327 200 2396 in
228 2349 288 2394 me
317 2321 515 2409 beneficio,
549 2320 760 2393 arbitrabar.
796 2327 1042 2395 Memineram
1067 2351 1127 2398 me
1161 2352 1241 2402 esse

160 2459 295 2522 unum,
313 2434 377 2530 qui
390 2458 458 2531 pro
473 2435 564 2503 meis
584 2433 748 2503 maximis
768 2434 807 2503 in
823 2433 1084 2532 rempublicam
1101 2438 1240 2512 meritis

161 2545 336 2643 supplicia
363 2545 561 2614 miserrima
588 2558 625 2614 et
647 2542 895 2614 crudelissima
915 2545 1158 2642 pertulissem
1179 2574 1240 2623 me

159 2681 237 2728 esse
257 2679 400 2740 unum,
425 2658 511 2750 qui,
541 2658 572 2723 si
598 2652 832 2724 offendissem
854 2654 958 2750 ejus⁹
977 2658 1161 2746 animum,
1179 2663 1239 2733 cui

161 2781 259 2853 tum,
277 2789 393 2862 quum
412 2764 540 2857 jamin
562 2765 669 2833 armis
688 2787 865 2849 essemus,
885 2765 1092 2838 consulatus
1115 2781 1239 2843 tamen

142 2876 271 2969 ¹alter,
295 2889 331 2945 et
352 2872 562 2969 triumphus
588 2873 827 2970 amplissimus
850 2872 1100 2965 deferebatur,
1121 2880 1238 2977 subji-

160 2997 301 3059 cerer¹⁰
316 2985 451 3056 eisdem
473 2983 641 3081 prreliis¹1
667 3012 675 3053 :
698 2999 739 3054 ut
759 3010 837 3056 mea
853 3010 1008 3082 persona
1027 3012 1171 3085 semper
1191 2992 1237 3063 ad

159 3093 412 3193 improborum
429 3095 562 3164 civium
581 3096 738 3191 impetus
750 3095 887 3191 aliquid
902 3095 1087 3168 videretur
1100 3098 1240 3175 habere

194 3286 219 3332 8.
229 3281 299 3330 Duxi
311 3297 390 3328 meam
402 3280 531 3328 rationem.
543 3283 599 3329 Hoc
607 3282 675 3345 cogi·
757 3298 784 3345 9.
798 3282 868 3347 Ejus.
883 3283 991 3331 Cetaria
1005 3286 1051 3334 Eu.

159 3366 223 3417 rari:
238 3360 315 3427 quid?
325 3376 375 3408 uon
389 3377 439 3407 este
452 3360 514 3407 mibi
527 3361 675 3419 laciendum,
758 3377 797 3409 10.
816 3363 886 3425 Legit
895 3363 991 3411 Manut.
1001 3364 1026 3410 iu
1040 3375 1089 3412 vet.
1103 3366 1161 3416 cod.
1175 3368 1239 3432 obji.

159 3457 185 3492 ut
198 3440 673 3504 Caesarietuimutuoffenderemitaque
718 3455 799 3499 cerer,
816 3441 885 3503 quod
903 3453 928 3490 et
947 3443 1037 3490 Ursino
1055 3444 1138 3492 verim
1158 3449 1239 3497 vim

159 3525 225 3588 gracia
233 3534 321 3571 auctor
329 3521 365 3568 sui
373 3557 381 3582 ,
390 3520 429 3567 vel
439 3537 494 3568 curu
505 3522 534 3568 lis
545 3522 670 3570 conditio·
717 3529 754 3566 eat
765 3553 772 3576 ,
785 3530 809 3567 et
822 3518 878 3568 Sch.
888 3525 989 3586 recepit.
1003 3526 1028 3572 J.
1040 3524 1071 3570 V.
1082 3527 1110 3572 1..

159 3601 246 3658 nibus,
259 3597 366 3663 quasilla
379 3599 463 3655 ferret,
474 3599 517 3661 qui
527 3598 593 3647 bello
603 3598 671 3646 civili
757 3614 796 3645 11.
804 3597 901 3646 Eisdem
905 3601 1010 3663 proelr'is.
1020 3602 1238 3667 Contentiouibur,

160 3679 220 3727 nibil
232 3696 283 3725 ease
296 3677 407 3724 miserius
426 3676 600 3740 intelligerem:
613 3677 673 3723 feci·
718 3677 808 3739 quibua
819 3680 878 3725 oliru
894 3680 1017 3740 subjectus
1028 3683 1072 3740 lui,
1080 3683 1173 3733 Clodio
1181 3687 1240 3750 qui·

159 3776 207 3823 que
221 3757 247 3804 id
266 3774 296 3805 eo
309 3757 440 3812 libentius,
455 3758 523 3819 quia,
545 3772 622 3820 quum
642 3753 674 3801 ad
719 3755 774 3805 dem
792 3767 906 3816 auctore,
920 3758 963 3806 ted
977 3761 1072 3807 Caesare
1085 3761 1238 3826 impellente.

160 3839 226 3903 pacis
240 3836 394 3885 conditiones
407 3833 515 3883 viderem
528 3853 543 3882 a
561 3846 586 3881 te
598 3834 675 3881 hono
719 3835 835 3884 Contu.
848 3837 973 3885 -Notat
991 3838 1093 3888 latenter
1106 3840 1238 3905 perfidiam

160 3918 227 3966 ristce
240 3918 352 3981 largeque
360 3916 516 3982 responderi,
526 3931 606 3962 meum
616 3930 675 3961 cou-
719 3915 846 3978 Pompeii,
861 3917 932 3976 cujus
947 3918 974 3965 in
991 3919 1096 3967 amicitie
1109 3919 1238 3971 Clodianis

160 3999 239 4046 silium
254 4014 305 4045 non
321 3997 456 4045 arbitrabar·
472 4014 486 4044 a
500 4007 539 4043 tua
555 3994 673 4043 sententia
720 3992 871 4057 temporibus
880 4012 966 4060 patum
975 4009 1141 4048 sementare
1153 4001 1238 4065 peni.

157 4078 303 4143 discrepare.
316 4078 392 4126 Matr.
719 4070 762 4119 dii.
775 4074 820 4122 En.
