2686 4822
124 264 241 335 ,ιιι
367 280 370 285 ·
460 226 952 339 muclcauonrs'

134 402 201 461 ret.
223 389 316 460 Novi
330 387 359 458 si
378 383 469 483 quid
487 401 600 475 esset,
618 390 851 488 scripsissem.
865 385 1011 460 Pendeo
1024 388 1137 471 animi
1156 414 1215 463 ex-

134 498 356 597 spectatione
381 494 617 585 Corfiniensi3
644 500 774 596 inqua
798 497 842 570 de
868 499 983 570 salute
1006 500 1215 599 reipublicae

115 607 116 610 ’
135 608 355 679 decernitur.
374 610 430 676 Tu
447 604 680 697 fasciculum,
708 609 773 706 qui
791 623 844 680 est
870 632 933 680 ors
949 606 1009 680 Μ’.
1027 612 1144 682 Cuaro
1158 613 1215 683 in·

138 718 312 814 scriptus,
328 715 437 786 velim
447 737 551 787 cures
560 716 606 788 ad
618 742 701 788 eum
714 716 972 817 perferendum
982 715 1014 808 ³5
1026 721 1216 793 Tironem·

134 850 208 926 que
227 827 337 897 Curio
355 826 611 917 commendes,
639 843 682 899 ut
695 830 746 919 ei,
765 842 808 899 ut
828 831 934 927 petii,
963 830 993 901 si
1010 829 1101 929 quid
1119 855 1214 932 opus

135 937 203 1008 erit
216 935 256 1006 in
275 949 480 1034 sumptum,
503 952 639 1034 eroget.

174 1109 199 1158 3.
222 1105 407 1173 Persei-endum.
431 1105 527 1173 Nempe
553 1111 652 1170 Patras,
697 1124 789 1173 ugrum
807 1104 1020 1173 reliqueramus
1041 1122 1123 1159 autem
1140 1110 1212 1177 epiet-

136 1186 180 1235 ubi
207 1186 275 1252 apud
301 1188 404 1237 Curium
431 1188 518 1238 Cicero
536 1188 654 1237 Tironem
700 1187 733 1236 ad
747 1189 874 1238 Tironem.
884 1189 933 1238 Ea.

137 1388 1111 1414 ΜΜΜΜΜΜΜΜΜΜΜΜΜΜΜΜΜ
1116 1394 1210 1416 mm

467 1616 771 1695 EPISTOLA
806 1617 883 1696 VI.

134 1776 266 1857 Pompeii
281 1778 430 1837 literarum
445 1776 483 1836 ad
494 1777 644 1835 consulem
657 1776 832 1856 scriptarum
844 1777 1009 1856 exemplum
1022 1778 1121 1837 Attico
1135 1777 1207 1837 mit·

175 1875 226 1948 tit;
243 1886 414 1952 quartanam
429 1871 466 1930 ab
481 1892 517 1931 eo
531 1870 694 1931 discessisse
708 1871 831 1951 gaudet:
842 1871 924 1931 addit
935 1892 1029 1952 pauca
1040 1873 1078 1934 de
1089 1874 1212 1936 Τίιοιιε.

174 1976 220 2044 (ln
231 1971 404 2041 Formiano,
422 1990 499 2029 anno
514 1974 552 2030 U.
568 1975 600 2029 C.
614 1980 672 2044 704
682 2013 690 2043 ,
702 1990 802 2031 mense
816 1969 995 2050 februario.)

478 2179 633 2244 CICERO
656 2179 822 2245 ATTICO
846 2179 876 2244 S.

183 2347 390 2414 Oasronara
412 2341 488 2435 jam
512 2336 688 2435 epistola,
712 2361 825 2435 quam
853 2336 899 2409 de
925 2351 1034 2409 nocte
1064 2335 1218 2411 daturus

136 2477 255 2538 eram,
282 2453 375 2523 sicut
398 2448 503 2521 dedi¹
526 2450 642 2546 (nam
670 2473 750 2521 eam
778 2447 922 2546 vesperi
950 2447 1217 2545 scripseram),

137 2567 177 2636 C.
191 2563 312 2634 Sosius
323 2574 457 2658 practor
474 2563 512 2630 in
532 2560 766 2630 Formianum
779 2562 878 2630 venit
892 2556 937 2629 ad
946 2556 1004 2630 Μ’.
1016 2557 1218 2655 Lepidum,

136 2674 295 2744 vicinum
311 2682 497 2758 nostrum,
516 2669 622 2765 cujus
639 2683 797 2766 quaestor
809 2668 902 2757 fuit3
919 2669 1083 2766 Pompeii
1096 2667 1219 2741 litera·

136 2809 219 2856 rum
237 2781 290 2854 ad
303 2780 491 2853 consulem
510 2780 721 2877 exemplum
740 2779 873 2851 attulit.

186 2924 203 2959 «
215 2895 342 2964 Literoe
360 2891 487 2962 mihia
508 2894 548 2960 L.
568 2893 731 2961 Domitio
752 2915 784 2962 a.
807 2890 842 2961 d.
863 2913 927 2960 aur
946 2884 1089 2958 kalend.
1109 2901 1216 2959 mart.

137 3005 281 3076 «allatae
298 3017 385 3074 sunt
406 3028 413 3071 :
433 3025 558 3073 earum
580 3000 789 3099 exemplum
816 2997 912 3071 infra
930 2997 1067 3094 scripsi.
1086 2999 1217 3085 Nunc,

138 3147 155 3182 «
169 3131 211 3188 ut
228 3139 295 3211 ego
314 3138 390 3185 non
409 3110 579 3197 scribam,
601 3124 664 3181 tua
683 3124 816 3215 sponte
837 3122 874 3180 te
898 3107 1099 3202 intelligere
1120 3107 1218 3196 scio,

137 3227 298 3325 «quanti
318 3221 525 3322 reipublicae¹
542 3222 686 3292 intersit
703 3275 713 3309 ‚
740 3243 867 3292 omnes
891 3220 1014 3316 copias
1035 3220 1073 3287 iu
1098 3238 1219 3288 uuum

136 3369 152 3403 «
169 3337 291 3410 locum
310 3340 431 3434 primo
450 3358 600 3431 quoque
613 3348 779 3430 tempore
794 3332 1001 3402 convenire.
1017 3331 1091 3414 Tu,
1104 3327 1134 3398 si
1148 3326 1220 3400 tibi

136 3476 153 3512 α
169 3446 368 3531 videbitur,
387 3441 489 3514 dabis
506 3466 676 3542 operam,
694 3441 982 3539 quamprimum
1003 3437 1049 3509 ad
1065 3460 1134 3508 nos
1152 3461 1218 3509 ve·

136 3586 153 3621 n
168 3554 265 3644 nias3
306 3552 462 3653 praesidii
493 3555 643 3650 Capuae,
671 3566 849 3649 quantum
878 3548 1110 3622 constitueris
1136 3571 1219 3620 esse

137 3697 155 3731 «
172 3666 273 3754 satis,
286 3665 483 3760 relinquas.
502 3693 518 3728 n

185 3774 326 3846 Deinde
340 3773 533 3873 supposuit
543 3771 748 3869 exemplum
764 3771 924 3871 epistolae
932 3768 1099 3857 Domitii,
1113 3766 1217 3866 quod

175 4004 196 4034 ι.
209 3986 276 4034 Sicut
288 3985 355 4037 dedi.
364 3983 500 4050 ¹Significat
515 3998 554 4047 ep.
566 3981 670 4046 praeced.
687 3984 733 4031 Eo.
