2686 4822
133 303 179 389 34
448 302 496 375 Μ
522 305 561 373 Τ.
589 305 877 377 CICERONIS

134 422 245 495 modo
266 437 475 522 potueram,
495 426 706 521 scripseram
721 428 800 522 ipse
816 447 878 495 eas
894 423 1036 510 literas,
1049 448 1086 521 qi

133 535 425 609 vau‘cinattonem
445 531 571 606 falsam
598 559 675 608 esse
698 538 821 632 cupio.
849 534 968 629 Hujus
986 547 1086 605 auter

131 645 235 719 stolae
255 669 333 717 non
355 643 473 719 solum
492 668 533 715 ea
555 667 664 717 eausa
681 661 756 732 est,
780 659 888 719 utne
909 646 993 741 quis
1015 667 1086 716 am

63 793 66 796 ⁴
132 763 404 844 intermittatur,
422 760 514 855 quin
534 757 620 831 dem
640 759 684 831 ad
705 774 743 831 te
760 760 902 844 literas,
923 757 986 831 sed
1005 759 1086 829 etiai

130 872 275 968 justior,
293 883 335 941 ut
353 893 374 941 a
395 883 434 939 te
454 869 705 965 impetrarem,
726 885 768 941 ut
785 868 947 942 sumeres
964 868 1086 965 aliquit

132 983 251 1081 porisr
265 1004 343 1077 quo
356 981 442 1076 quia
456 976 523 1049 tibi
539 981 736 1077 perexiguo
744 1002 840 1078 opus
852 993 924 1064 est,
939 979 1086 1078 explicat

133 1108 239 1167 tuum
268 1090 460 1163 consilium
486 1088 596 1186 piane
624 1088 733 1176 vnio,
762 1103 803 1160 ut
831 1090 977 1186 penitus
999 1087 1085 1162 intel

133 1202 265 1276 Omnia
289 1214 376 1271 sunt
396 1200 536 1295 integra
553 1197 693 1272 nobis:
720 1198 812 1272 nihii
835 1200 1085 1296 pretermissui

109 1367 114 1379 .
133 1307 236 1409 quod
248 1333 327 1380 nou
340 1306 473 1379 habeat
487 1309 687 1405 sapientem
702 1310 992 1395 exeusationem,
1008 1334 1085 1381 non

132 1416 372 1519 probabilem.
402 1421 492 1490 Nam
520 1432 619 1489 certe
645 1442 768 1515 neque
793 1432 873 1489 tum
899 1421 1064 1516 peccavi,

135 1528 370 1628 imparatam¹
396 1528 499 1622 jam²
526 1532 704 1624 Capuam,
731 1552 805 1601 nou
834 1527 952 1598 solum
976 1529 1085 1625 ignat:

134 1642 268 1726 lectus,
286 1638 350 1711 sed
368 1641 477 1713 etiam
497 1636 658 1737 perfidiae
679 1639 924 1736 suspicionem
945 1637 1085 1736 fugiens

133 1777 223 1851 pere
243 1747 389 1832 notui³;
410 1773 531 1846 neque
549 1773 664 1845 quum
682 1764 766 1847 post
781 1749 1014 1821 conditiones
1030 1774 1085 1846 pm

135 1868 176 1936 L.
202 1864 380 1935 Caesarem
404 1875 441 1933 et
466 1858 665 1933 Fabatum⁴
689 1860 833 1944 allatas,
859 1862 954 1943 cavi,
979 1885 1027 1931 ne
1046 1885 1085 1931 ar

135 1973 214 2068 ejus
232 1969 479 2056 offenderem,
502 1970 562 2040 cui
587 1973 784 2067 Pompeius
803 1970 877 2064 jam
897 1986 1084 2042 armatura

135 2082 365 2156 consulatum
388 2080 693 2180 triumphumque
721 2079 889 2152 deferret.
915 2085 991 2152 Nec
1021 2107 1083 2152 ver

135 2210 297 2266 extrema
326 2195 519 2291 quisquam
545 2205 668 2290 potest
692 2192 774 2287 jure
796 2189 1084 2289 reprehendere,

133 2330 234 2377 mare
261 2328 336 2376 non
367 2303 598 2373 transierim:
629 2301 664 2371 id
689 2303 809 2385 enim,
838 2301 905 2372 etsi
932 2315 1007 2371 erat
1032 2299 1084 2372 dei

132 2419 262 2501 tionis,
280 2427 402 2484 tamen
421 2411 524 2483 obire
543 2436 619 2482 non
638 2415 753 2516 potui.
775 2415 903 2512 Neque
920 2413 1016 2482 enim
1036 2436 1084 2481 su:

134 2525 264 2612 debui;
297 2526 495 2623 praesertim
521 2547 637 2619 quum
669 2547 714 2592 ex
740 2523 855 2619 ipsius
888 2522 1051 2618 Pompeii
1077 2520 1084 2590 l

100 2711 103 2719 ,
135 2636 233 2707 idem
249 2633 351 2731 quod
369 2631 475 2702 virleu
491 2646 526 2701 te
541 2633 783 2715 existimasse,
797 2656 873 2700 uon
888 2629 1084 2701 dubitarim

136 2751 167 2817 is
182 2745 345 2816 Domitio
362 2740 608 2812 subventurus
624 2756 727 2812 esset.
744 2747 789 2812 Et
803 2743 929 2838 plane,
945 2740 1034 2838 quid
1053 2766 1084 2812 re

135 2872 172 2928 et
191 2855 281 2953 quid
297 2851 503 2924 faciendum
520 2849 608 2923 mihi
625 2866 737 2938 esset,
755 2851 891 2927 diutius
911 2853 1069 2947 cogitare

134 2967 295 3036 Primum
317 2961 446 3059 igitur,
474 2961 549 3031 haec
579 2961 700 3057 qualia
727 2960 792 3032 tibi
819 2986 896 3032 esse
918 2959 1083 3034 videantu

132 3072 334 3174 significata
351 3086 437 3142 sunt
456 3095 476 3142 a
495 3087 550 3158 te,
573 3085 694 3143 tamen
721 3075 924 3142 accuratius
948 3070 1034 3141 mihi
1055 3095 1081 3168 p

133 3187 220 3274 bas,
240 3184 372 3256 veiim:
393 3178 525 3254 deinde
551 3181 688 3279 aliquid
722 3183 830 3253 etiam
857 3182 895 3250 in
918 3195 1083 3277 posterur

174 3440 195 3470 1.
214 3421 380 3482 Imparamm.
402 3415 442 3463 Ab
461 3416 580 3465 exercitu.
600 3415 650 3464 Alii
696 3432 752 3464 nem
775 3415 885 3480 fugiens,
907 3415 1018 3480 accipere
1041 3415 1082 3462 vol

135 3501 213 3564 (Man.
224 3493 521 3558 etmmbwmperaeam.
532 3494 650 3548 Coruin.
696 3495 759 3542 enim
774 3494 906 3559 accepisset
920 3494 1025 3553 Cicero,
1038 3494 1083 3557 ign.

172 3596 196 3628 ι.
209 3577 321 3626 Graevim
329 3571 385 3639 jam
398 3571 530 3620 delendum
542 3573 648 3620 ecuruit.
695 3573 839 3638 Pompeium
856 3571 964 3638 perfidus
984 3573 1062 3620 videri
1081 3630 1083 3637 Ι

173 3655 322 3720 &Accipere
328 3651 403 3701 nolrri.
409 3653 493 3714 Quum
502 3651 650 3715 rejiciebQ
695 3653 954 3706 Coruum-Omnes
966 3652 1026 3699 editi
1039 3653 1083 3700 libi

133 3736 204 3800 epist.
214 3749 268 3797 sup.
277 3748 333 3780 nrm
340 3742 438 3797 poster,
446 3730 649 3795 qrnmritinvite,
694 3731 812 3780 detortus.

131 3816 199 3880 api,
211 3814 283 3877 epist.
299 3809 479 3872 nhuinslibti·
492 3809 646 3863 vidonem
727 3818 753 3866 t.
764 3809 895 3865 Fabatum.
908 3814 932 3865 1·
945 3821 982 3862 rut
997 3812 1025 3862 L,
1039 3812 1079 3858 Ru

132 3909 164 3947 nn
172 3904 240 3944 tutus
250 3889 291 3938 hic
299 3890 369 3941 loeus
377 3890 410 3938 im
419 3889 469 3952 legi
478 3887 644 3945 debeatnlm·
691 3889 773 3947 batus,
783 3892 853 3951 enjus
865 3900 889 3937 et
900 3891 992 3938 mentio
1003 3891 1028 3940 in
1039 3893 1082 3957 epi

133 3983 240 4040 pernam
253 3972 375 4036 Capuam,
387 3986 438 4019 non
454 3969 533 4018 solnm
543 3969 647 4037 ignavie
690 3969 773 4032 lionis,
787 3981 811 4018 et
824 3971 851 4017 in
864 3982 980 4034 argenteo
992 3987 1082 4020 numm

132 4052 263 4109 delictum,
273 4050 316 4098 red
326 4051 398 4098 edm
407 4046 518 4115 pendi:
525 4048 648 4113 suspirio·
691 4049 781 4114 iegitur
790 4061 797 4095 :
806 4051 853 4097 d..
863 4049 948 4098 Roscii
960 4050 1070 4100 Faberi».
