2686 4822
130 362 177 444 40
434 362 503 431 .M.
530 361 569 428 T.
596 363 886 436 CICERONIS

131 505 226 567 esse,
240 505 286 550 ne
308 477 388 549 duae
411 477 597 576 legiones³
617 484 696 551 sine
717 484 912 553 Picentinis
931 483 1145 556 cohortibus
1166 488 1194 557 in

131 604 370 688 conspectum
404 592 551 661 Caesa'ris
593 593 917 664 committerentur.
956 594 1194 683 Quamobrem

131 698 247 769 nolito
267 701 505 786 commoveri,
518 704 546 769 si
559 700 713 772 audieris
728 726 786 771 me
799 702 959 798 regredi,
980 704 1010 773 si
1023 702 1117 775 sorte
1133 709 1194 777 Cae

131 833 189 879 sar
207 807 253 879 ad
274 833 331 879 me
349 809 478 879 veniet.
498 810 709 880 Cavendum
727 811 824 880 enim
842 826 933 909 puto
947 837 1045 901 esse,
1067 840 1115 885 ne
1136 818 1195 885 im·

60 955 65 968 =
133 918 286 1015 plicatus
315 919 498 990 haeream:
524 943 609 990 uam
633 945 755 1018 neque
774 935 912 1009 castra,
944 938 1097 1021 propter
1118 950 1192 996 ann

131 1042 275 1125 tempus
292 1042 329 1099 et
351 1029 506 1099 militum
522 1032 682 1117 animos,
702 1028 819 1101 lacere
833 1054 1001 1127 possum,
1022 1057 1145 1130 nequo
1163 1059 1194 1105 ei

130 1138 304 1211 omnibus
320 1140 466 1237 oppidis
480 1139 695 1211 contrahere
717 1141 838 1238 copias
855 1140 1017 1238 expedit,
1040 1166 1088 1212 ne
1105 1167 1194 1216 rece·

130 1249 440 1348 ptumlamittam.
456 1256 582 1347 Itaque
593 1275 669 1320 non
681 1251 1084 1347 ampliusxivcohortes
1096 1254 1194 1326 Lude

130 1363 219 1430 riam
237 1361 350 1455 coegi.
368 1360 544 1430 Consules
564 1358 725 1456 praesidia
744 1361 866 1431 omnia
888 1359 1081 1432 deducturi
1100 1379 1187 1435 sunt

131 1482 194 1540 aut
215 1471 253 1537 in
272 1469 425 1538 Siciliam
447 1470 543 1538 ituri.
561 1473 653 1539 Nam
673 1483 735 1538 aut
750 1471 948 1541 exercitum
972 1469 1119 1544 firmum
1140 1472 1194 1545 ha·

131 1581 217 1651 bere
231 1594 393 1678 oportet,
411 1604 486 1677 quo
502 1577 728 1650 confidamus
747 1604 984 1678 perrumpere
998 1607 1066 1654 nos
1081 1609 1189 1681 posse

132 1704 196 1760 aut
219 1692 386 1785 regiones
409 1689 588 1784 ejusmodi
612 1688 801 1779 obtinere,
824 1690 999 1788 equibus
1021 1717 1194 1792 repugne·

133 1824 233 1870 mus:
247 1799 286 1871 id
297 1799 398 1896 quod
419 1814 590 1869 neutrum
610 1798 717 1871 nobis
736 1800 807 1871 hoc
823 1815 988 1898 tempore
1008 1808 1187 1903 contingit

83 1904 86 1908 ’
132 1909 235 2008 quod
255 1924 291 1980 et
314 1934 479 2007 magnam
504 1925 644 2007 partem
668 1910 777 1980 Italiae
800 1914 917 1981 Caesar
939 1915 1151 2009 occupavit,
1172 1939 1194 1986 e*

132 2046 201 2092 nos
217 2046 291 2091 non
310 2017 694 2093 habemusexercitum
710 2035 781 2091 tam
798 2021 977 2118 amplum,
996 2048 1118 2120 neque
1134 2038 1194 2095 tan

132 2155 325 2228 magnum,
346 2155 458 2226 quam
479 2131 548 2201 ille.
568 2134 696 2228 Itaque
717 2129 824 2201 nobis
847 2129 1114 2228 providendum
1129 2149 1190 2235 ¹eat

132 2257 175 2313 ut
201 2266 379 2314 summam
404 2240 614 2340 reipublicae
643 2245 822 2312 rationem
852 2240 1060 2313 habeamus.
1090 2246 1194 2316 Etian

133 2367 242 2450 atque
262 2356 369 2424 etiam
387 2367 422 2424 te
445 2354 587 2438 hortor,
610 2366 650 2423 ut
667 2376 750 2423 cum
770 2356 869 2422 omni
885 2354 989 2449 copia
1004 2378 1115 2450 quam
1134 2344 1194 2452 pri

133 2488 233 2534 mum
253 2465 299 2534 ad
314 2489 373 2534 me
391 2467 524 2535 venias.
545 2469 741 2534 Possumus
762 2465 870 2535 etiam
890 2488 989 2534 nunc
1004 2464 1194 2561 rempubli

133 2595 211 2641 cam
233 2575 390 2668 erigere,
417 2574 445 2642 si
469 2575 656 2643 communi
675 2573 826 2644 consilio
846 2577 1033 2670 negotium
1052 2574 1194 2646 admini

134 2681 328 2753 strabimus
344 2710 352 2751 ι
369 2683 423 2752 sin
444 2681 703 2768 distrahemur,
725 2681 858 2752 infirmi
869 2685 1014 2753 erimus.
1025 2683 1117 2753 Mihi
1136 2684 1194 2758 boi

133 2793 370 2863 constitutum
389 2806 452 2862 est.
466 2793 529 2862 His
543 2792 655 2862 literis
668 2795 829 2891 scriptis,
842 2797 920 2864 Sica
935 2819 955 2864 a
970 2808 1005 2864 te
1023 2793 1114 2864 mihi
1130 2795 1194 2868 lite

131 2925 189 2972 ras
206 2901 327 2972 attulit
345 2917 382 2972 et
394 2901 573 2972 mandata.
589 2903 700 2994 Quod
717 2928 775 2974 me
795 2904 959 2992 hortare,
979 2918 1020 2974 ut
1037 2910 1131 2976 istuc
1149 2932 1194 2979 ve

132 3012 247 3098 niam,
269 3011 306 3082 id
334 3037 393 3083 me
419 3011 535 3084 lacere
561 3039 638 3084 non
667 3013 825 3085 arbitror
851 3038 974 3112 posse3
1000 3013 1100 3112 quod
1131 3040 1194 3088 not

131 3146 351 3221 magnopere
369 3123 426 3193 his
443 3123 647 3220 legionibus
667 3122 824 3196 confido.

169 3333 193 3379 3.
214 3334 278 3380 Duoe
297 3330 410 3396 legiones.
424 3334 461 3379 De
477 3331 529 3380 istie
543 3332 645 3395 legioni·
726 3331 968 3394 4.!leeeptum.1pse
978 3328 1086 3393 oppida,
1104 3345 1157 3392 quo
1167 3346 1194 3378 re

132 3413 178 3461 bns
197 3411 253 3461 vide
271 3421 325 3459 not.
343 3413 357 3459 3
377 3411 409 3459 ad
427 3427 466 3475 ep.
482 3411 593 3475 Pompeii
607 3416 645 3470 Α,
690 3422 789 3475 ceptum
803 3408 929 3467 babemus,
943 3409 1033 3472 quibua
1043 3409 1194 3474 emissie.qm

131 3508 170 3555 ep.
181 3508 209 3540 ια
225 3491 374 3552 adiunctam.
384 3493 431 3540 En.
536 3496 537 3500 ’
671 3483 675 3490 ’
689 3506 736 3537 noe
748 3489 924 3553 reciperemus,
939 3504 991 3536 non
1003 3498 1074 3536 emet.
1092 3489 1167 3537 Min.

551 3716 819 3746 -ὡ-
