2686 4822
174 333 440 458 nersronffi
468 389 537 457 sn
562 385 1026 497 trrrcun‚v111,12.
1090 387 1140 483 39

576 615 617 680 C.

363 805 506 877 Luceria,
524 823 601 863 anno
615 809 652 865 U.
662 809 696 863 C.
709 811 784 877 704,
804 823 903 862 mense
917 803 1075 865 februario.

91 976 153 1043 CN.
172 976 352 1043 MAGNUS
370 976 545 1040 Paucos.
567 976 601 1039 L.
619 974 812 1041 nutritio
828 976 1005 1043 PROCOS.
1023 980 1055 1045 S.
1072 981 1114 1046 D.
1178 1076 1182 1083 Δ

96 1144 263 1213 -Inrsnss
289 1138 355 1212 abs
379 1155 415 1212 te
439 1144 489 1211 Μ.
506 1139 674 1211 Calenius
693 1138 738 1211 ad
752 1164 811 1211 mc
825 1141 946 1212 attulit
958 1166 989 1213 a.
1005 1141 1039 1213 d.
1055 1169 1137 1215 xun

69 1240 131 1320 lut
154 1265 257 1322 maru
281 1250 321 1320 in
342 1247 476 1346 quibus
488 1248 600 1320 literis
612 1247 758 1337 scribis,
773 1248 841 1319 tibi
854 1254 894 1320 in
906 1254 1029 1331 animo
1043 1277 1139 1344 csse,

64 1356 258 1433 observare
274 1362 471 1447 Caesarem
494 1374 530 1431 et
541 1414 554 1447 ,
567 1361 598 1431 si
617 1358 818 1431 secundum
838 1385 937 1432 mare
951 1361 996 1434 ad
1012 1389 1071 1435 me
1085 1367 1138 1438 ire

64 1473 254 1569 coepisset‚
280 1467 474 1541 confestim
501 1472 540 1540 in
563 1470 750 1540 Samnium
771 1468 817 1540 ad
838 1493 898 1543 me
920 1486 1141 1562 venturum

59 1581 118 1653 sin
136 1595 260 1652 autem
277 1579 338 1651 ille
356 1581 495 1651 circum
510 1582 607 1652 istac
623 1579 704 1650 ioca
719 1597 1026 1668 commoraretur,
1037 1598 1076 1654 te
1088 1586 1139 1672 ei,

58 1692 95 1763 si
116 1691 268 1790 propius
289 1691 514 1778 accessisset,
536 1693 703 1763 resistere
726 1689 827 1763 velle.
850 1695 900 1763 Te
918 1693 1041 1764 animo
1060 1719 1139 1766 ma·

55 1825 135 1899 gno
152 1814 192 1872 et
205 1797 290 1870 forti
308 1801 413 1871 istam
428 1824 507 1871 rem
520 1825 626 1896 agere
642 1800 808 1873 existimo
823 1829 830 1873 :
850 1801 914 1873 sed
928 1801 1138 1905 diligentius

56 1908 170 1982 nobis
184 1924 239 1980 est
251 1908 471 1994 videndum,
484 1934 531 1981 ne
546 1908 706 1981 distracti
719 1935 826 2008 pares
842 1936 919 1984 esse
933 1910 1139 1985 adversario

55 2045 138 2093 non
162 2023 365 2120 possimus;
390 2044 507 2117 quum
529 2018 589 2091 ille
612 2044 759 2117 magnas
784 2021 906 2119 copias
932 2020 1083 2109 habeat,
1102 2037 1139 2095 et
1221 2035 1225 2043 '

58 2131 220 2226 majores
233 2128 335 2203 brevi
352 2128 542 2200 habiturus
561 2132 619 2201 sit.
640 2133 722 2201 Non
742 2133 860 2213 enim,
877 2154 946 2227 pro
966 2145 1029 2203 tua
1047 2156 1137 2229 pru-

54 2239 206 2326 dentia,
238 2238 350 2310 debes
377 2238 468 2312 iliud
496 2240 614 2310 solum
641 2240 946 2327 animadvertere,
975 2257 1071 2338 quot
1097 2245 1138 2313 in

58 2354 254 2447 praesentia
266 2348 438 2420 cohortes
453 2363 582 2419 contra
600 2363 636 2420 te
654 2348 787 2420 habeat
802 2354 928 2433 Caesar,
944 2349 1008 2420 sed
1020 2375 1136 2445 quan·

61 2475 116 2531 tas
128 2458 229 2531 brevi
245 2473 411 2558 ternpore
427 2461 593 2556 equitum
610 2473 647 2530 et
664 2457 829 2556 peditum
850 2460 972 2556 copias
991 2474 1139 2530 contra·

62 2583 190 2643 cturus
206 2569 262 2639 sit
282 2572 351 2639 Cui
365 2570 418 2641 rei
431 2571 638 2641 testimonio
652 2583 740 2641 sunt
757 2567 886 2654 literae,
900 2593 990 2666 quas
1009 2575 1137 2643 Busse-

65 2680 145 2750 nius
163 2677 210 2749 ad
228 2702 288 2749 me
308 2679 424 2763 misit,
439 2679 475 2748 in
491 2676 628 2776 quibus
638 2676 779 2766 scribit,
797 2676 833 2747 id
849 2677 950 2774 quod
969 2677 1040 2750 ab¹
1060 2681 1139 2755 aliis

65 2812 215 2887 quoque
232 2788 327 2861 mihi
354 2786 546 2877 scribitur,
564 2787 730 2887 praesidia
752 2791 980 2877 Curionem,
1001 2815 1082 2887 quae
1100 2794 1138 2863 in

69 2897 234 2972 Umbris²
251 2913 290 2970 et
302 2900 427 2970 Tuscis
446 2913 569 2984 erant,
588 2898 824 2986 contrahere,
848 2898 942 2973 etad
961 2905 1140 2974 Caesarem-

70 3012 132 3083 iter
158 3008 286 3081 facere.
320 3012 407 3100 Quae
440 3011 469 3079 si
494 3012 608 3106 copia,
641 3011 680 3079 in
709 3033 825 3079 unum
853 3007 977 3081 locum
1002 3009 1138 3098 fuerint

71 3134 212 3204 ooactae,
232 3133 273 3189 ut
291 3143 373 3216 pars
392 3120 571 3191 exercitus
586 3119 633 3193 ad
649 3117 780 3191 Albam
792 3124 971 3206 mittatur,
991 3144 1074 3216 pars
1092 3121 1139 3193 ad

10 3224 14 3269 ¹
73 3245 102 3302 te
117 3228 285 3316 accedat3
313 3245 355 3301 ut
374 3256 450 3302 non
471 3246 628 3329 pugnet,
649 3230 712 3302 sed
732 3230 820 3302 locis
845 3233 919 3302 suis
940 3248 1140 3330 repugnet,

10 3390 12 3397 -
72 3334 235 3410 herebis:
255 3364 379 3436 neque
394 3338 499 3412 solus
515 3366 599 3412 curn
616 3345 684 3412 ista
703 3343 807 3440 copia
822 3356 960 3413 tantam
978 3344 1141 3414 multitu-

10 3524 12 3539 ¹
72 3448 189 3523 dinem
204 3454 383 3522 sustinere
400 3453 553 3549 poteris,
571 3466 613 3522 ut
630 3451 892 3522 frumentatum
913 3475 982 3523 eas.
1005 3455 1141 3544 Quam·

10 3546 12 3561 '
73 3557 194 3631 obrem
222 3574 257 3631 te
283 3585 504 3658 magnopere
524 3562 671 3645 hortor,
693 3557 862 3658 utquam
880 3561 1038 3658 primum
1056 3585 1140 3634 cum

74 3670 168 3738 omni
186 3670 292 3766 copia
316 3669 389 3740 huc
411 3674 544 3742 venias.
568 3671 743 3745 Consules
760 3672 1029 3745 constituerunt
1044 3670 1140 3744 idem

75 3774 193 3850 facere.

118 3894 192 3986 Ego
215 3891 419 3960 Metuscilio
446 3889 545 3962 ud‘te
569 3891 736 3962 mandata
756 3890 860 3978 dedi,
874 3889 1140 3987 providendum

113 4141 132 4173 1.
147 4126 218 4174 Aliis.
227 4124 302 4188 Vulg.
317 4125 372 4174 iltis.
385 4128 451 4177 J.v.
466 4129 492 4175 L.
663 4143 690 4181 a.
706 4125 807 4173 Umbris.
816 4125 882 4188 Alii,
896 4128 1005 4178 Urnbrt'a.
1020 4132 1045 4177 J.
1055 4131 1083 4175 V.
1095 4131 1124 4179 1..
