2686 4822
216 336 476 419 arrsroua
500 349 567 418 au
592 306 843 434 aincurt,
863 351 973 433 vm,
996 373 1027 416 2.
1139 347 1160 419 5

88 466 204 555 labat,
217 494 291 568 qua
304 465 432 541 illum⁵
447 467 492 539 ad
508 469 740 542 concordiam
758 469 939 541 hortabar.
953 474 1022 540 Eas
1037 473 1065 540 si
1086 495 1163 566 quo

87 578 152 649 ille
172 580 286 668 misit,
313 582 351 650 in
373 577 522 677 publico
536 596 718 678 proponat
732 581 851 651 velim.
872 580 1010 651 Alteras
1031 580 1161 651 eodem

88 686 150 759 die
170 687 275 776 dedi,
293 712 369 787 quo
383 689 448 760 has
464 686 509 758 ad
527 702 573 758 te.
597 694 680 763 Nou
699 691 802 788 potui
825 714 899 761 nou
922 689 1027 776 dare,
1045 714 1161 786 quum

88 811 127 868 et
138 798 216 896 ipse
232 798 278 869 ad
290 822 350 871 me
361 799 578 895 scripsisset,
595 813 631 870 et
646 797 789 870 Balbus.
807 804 938 869 Earum
955 798 1162 896 exemplum

87 906 136 978 ad
166 922 203 980 te
227 908 319 980 misi.
344 906 443 979 Nihil
469 906 626 979 arbitror
651 906 752 995 foro,
775 906 875 1005 quod
901 905 1157 1004 reprehendas.

87 1018 126 1089 Si
142 1041 216 1114 qua
233 1032 361 1106 erunt,
380 1016 471 1088 doce
490 1043 564 1107 me,
594 1043 669 1115 quo
692 1016 803 1087 modo
831 1041 873 1087 ea
895 1013 1058 1112 effugere
1080 1041 1165 1114 pos·

88 1124 192 1198 sim⁶.
219 1126 341 1212 Nihil,
360 1128 521 1223 inquies,
549 1129 699 1198 omnino
721 1129 915 1225 scripseris.
946 1127 1019 1217 Qui
1051 1129 1163 1223 magis

87 1235 240 1335 effugias
254 1262 338 1323 eos,
359 1239 424 1334 qui
439 1237 564 1308 volent
580 1235 740 1335 fingere?
758 1242 1016 1308 Verumtamen
1046 1238 1093 1306 ita
1113 1235 1164 1307 fa·

87 1349 200 1436 ciam,
218 1347 341 1446 quoad
362 1346 442 1419 fieri
464 1353 608 1446 poterit.
641 1353 731 1421 Nam
752 1347 853 1446 quod
870 1372 928 1419 me
946 1348 1102 1419 hortaris
1116 1347 1162 1418 ad

87 1459 301 1529 memoriam
337 1456 535 1545 factorum,
566 1456 775 1546 dictorum,
807 1458 1024 1554 scriptorum
1058 1456 1163 1527 etiam
1261 1450 1278 1464 ’“

86 1593 282 1657 meorum3
308 1566 395 1640 facis
420 1573 535 1639 amice
562 1581 603 1638 tu
630 1566 800 1664 quidem,
823 1566 985 1662 mihique
1006 1565 1164 1661 gratissi·

88 1704 190 1750 mum
213 1678 307 1752 :sed
336 1678 426 1749 mihi
448 1677 581 1749 videris
604 1677 701 1749 aliud
731 1692 772 1748 tu
805 1677 998 1748 honestum
1032 1700 1164 1772 meque

86 1787 240 1886 dignum
256 1790 294 1858 in
315 1788 384 1858 hac
402 1811 508 1859 eausa
528 1787 707 1883 judicare,
732 1802 841 1882 atque.
860 1811 927 1884 ego
948 1789 1160 1857 existimem.

85 1896 180 1969 Mihi
195 1898 293 1968 enim
307 1896 398 1968 nihil
413 1897 486 1968 ulla
496 1899 530 1967 in
542 1912 649 1994 gente
661 1922 837 1994 umquam
847 1951 856 1985 ,
866 1895 912 1967 ab
926 1896 1001 1967 ullo
1014 1912 1162 1968 auctore

85 2007 297 2104 reipublicae
334 2032 375 2079 ac
403 2007 520 2096 duce,
556 2009 698 2103 turpius
728 2006 865 2077 factum
893 2031 969 2078 esse
998 2006 1162 2092 videtur,

86 2139 200 2212 quam
220 2141 239 2186 a
264 2131 391 2187 nostro
416 2118 532 2187 amico
556 2114 689 2187 sactum
713 2132 767 2188 est
791 2145 799 2187 τ
822 2117 927 2212 cujus
956 2141 1024 2214 ego
1045 2116 1161 2188 vicem

86 2221 217 2312 doleo;
237 2227 301 2322 qui
321 2225 456 2298 Urbem
475 2226 642 2323 reliquit,
661 2226 698 2297 id
720 2242 773 2298 est
791 2227 963 2324 patriam,
985 2252 1052 2324 pro
1071 2251 1161 2324 qua,

86 2338 177 2405 etin
197 2360 269 2433 qua
284 2338 376 2408 mori
393 2336 605 2434 praclarum
622 2334 702 2407 suit.
720 2341 892 2435 Ignorare
910 2336 1000 2406 mihi
1015 2336 1161 2424 videris,

87 2443 165 2531 haec
180 2461 319 2543 quanta
331 2450 377 2518 sit
395 2446 523 2520 clades.
546 2452 592 2519 Es
607 2448 703 2517 enim
723 2450 829 2518 etiam
849 2470 947 2516 nuuc
963 2444 1063 2515 domi
1077 2460 1159 2516 tuae.

87 2553 177 2643 Sed,
188 2556 309 2626 invitis
327 2556 576 2654 perditissimis
595 2555 821 2643 hominibus,
835 2580 912 2628 esse
929 2554 1065 2628 diutius
1083 2580 1160 2627 non

86 2679 204 2762 potes.
221 2669 300 2737 Hoc
312 2667 494 2756 miserius,
504 2667 574 2738 hoc
593 2666 736 2763 turpius
752 2666 975 2762 quidquam?
991 2689 1163 2762 vagamur

87 2789 236 2871 egentes
260 2800 344 2848 cum
369 2775 586 2874 conjugibus
611 2789 647 2849 et
674 2775 807 2847 liberis.
835 2782 877 2847 ln
900 2777 1008 2847 unius
1040 2776 1160 2847 homi·

86 2884 168 2973 nis,
194 2888 389 2982 quotannis
417 2888 619 2987 periculose
644 2891 866 2984 aegrotantis,
888 2889 1007 2957 anima
1027 2888 1161 2983 pusitas

86 3017 216 3066 omnes
234 3011 374 3068 nostras
395 2997 693 3096 spes'habemus,
713 3021 790 3066 non
813 2996 972 3094 expulsi,
994 2996 1058 3068 sed
1076 3022 1162 3068 evo·

87 3105 158 3173 cati
181 3129 202 3175 e
223 3107 356 3201 patria,
385 3131 496 3203 quam
515 3132 590 3177 non
610 3104 822 3177 servandam
843 3104 890 3176 ad
914 3104 1071 3177 reditum
1094 3132 1163 3177 no·

87 3224 225 3303 strum,
247 3213 310 3286 sed
324 3213 562 3313 diripiendam
579 3231 615 3287 et
627 3215 921 3288 inflammandam
937 3215 1162 3313 reliquimus.
1257 3304 1267 3320 .

87 3326 143 3393 lta
157 3323 263 3394 multi
278 3324 492 3397 nobiscum⁷
506 3341 610 3416 sunt,
629 3353 705 3398 non
721 3329 759 3396 in
776 3323 1014 3414 suburbanis,
1034 3351 1108 3396 nou
1124 3328 1163 3397 in

30 3519 35 3523 ⁵
88 3428 224 3521 hortis,
243 3435 369 3504 nonin
383 3436 461 3534 ipsa
476 3435 586 3523 urbe;
605 3451 658 3524 et,
678 3437 707 3507 si
720 3460 819 3508 nunc
835 3449 937 3523 sunt,
952 3461 1027 3507 non
1042 3451 1160 3508 erunt.

88 3681 138 3730 sed
154 3682 218 3731 forte
232 3693 284 3732 tum
296 3683 428 3736 delendum
441 3687 564 3752 Pompeii,
577 3699 606 3736 ut
649 3699 733 3736 serunt
744 3690 771 3736 iu
784 3687 944 3746 suburbanis,
961 3703 1012 3735 nou
1027 3687 1053 3735 in
1070 3688 1163 3751 bortis,

88 3777 105 3808 e
121 3761 200 3826 glossa
216 3772 311 3812 natum.
323 3766 349 3812 J.
358 3767 390 3813 V.
403 3767 433 3815 L.
649 3767 715 3815 unde
733 3767 766 3815 oh
788 3767 936 3815 vicinitatem
949 3766 1004 3814 urbi
1023 3782 1164 3818 succurrere

127 3840 480 3893 s.111um.Caessrsm.ram.
650 3855 825 3910 possent3nou
837 3847 863 3893 in
875 3847 927 3909 ipsa
936 3845 998 3893 urbe
1011 3845 1126 3911 (Roma);
1139 3860 1168 3898 er

126 3920 153 3970 6.
165 3919 605 3986 Possim.Vulg.·sni1u...possumin
648 3924 670 3972 si
688 3939 755 3985 nunc
771 3935 837 3985 suut,
845 3925 874 3972 h.
883 3926 933 3972 esi
946 3926 989 3987 qui
999 3940 1066 3990 pune
1078 3928 1165 3977 Rome

129 4014 154 4059 7.
165 3998 303 4049 Nobiscum.
315 4001 374 4050 Scil.
386 4002 402 4049 ii
413 4001 522 4066 quicum
533 4003 605 4050 Poru-
650 4014 830 4063 remanserunt,
844 4016 896 4050 non
913 4015 1000 4063 erunt,
1021 4004 1064 4052 scd
1083 4007 1166 4070 potius

93 4077 150 4141 peio
167 4075 249 4142 lugam
263 4080 456 4146 capessiverunt,
470 4097 521 4130 uon
534 4097 603 4131 mau-
649 4098 695 4131 uos
715 4083 835 4146 fugientes
855 4094 994 4146 sequentur.
1012 4085 1058 4134 Eu.
