2686 4822
133 351 180 424 28
450 352 498 421 Μ.
520 351 562 420 Τ.
589 350 886 422 CICERONIS

131 473 221 548 sidia
239 476 276 543 in
295 471 439 572 oppidis
455 473 554 545 nulla
572 487 669 544 sunt.
683 478 801 546 Nemo
821 477 919 544 enim
935 476 1048 543 nostri
1067 471 1204 545 ordinis

131 584 238 657 iubis
254 585 344 656 locis
362 572 588 683 est,'prtcter
609 589 656 654 Μ.
674 576 872 682 Eppiuni⁵,
893 608 1004 681 quem
1016 608 1085 680 ego
1111 588 1205 655 Min-

131 697 249 767 turnis
266 719 343 766 esse
363 696 478 784 volui,
495 696 702 793 vigilantem
722 694 908 767 bominem
924 710 960 766 et
973 694 1204 766 industrium.

131 807 223 875 Nam
234 807 273 874 L.
285 808 531 901 Torquatum,
549 807 665 876 virum
683 804 816 876 sortem
832 820 962 876 etcum
976 807 1206 893 auctoritate,

132 914 282 984 Formiis
304 938 381 985 non
402 912 579 986 habemus
601 942 609 985 ε
630 914 675 986 ad
698 929 734 986 te
754 912 960 1012 profectum
977 913 1205 987 arbitramur.

132 1027 208 1120 Ego
221 1025 390 1108 omnino,
407 1040 447 1095 ut
465 1026 629 1123 proxime
642 1022 708 1095 tibi
727 1024 927 1122 placuerat,
946 1029 1104 1123 Capuam
1124 1026 1208 1097 veni

134 1156 178 1202 eo
202 1133 282 1230 ipso
310 1130 388 1220 die,
421 1158 497 1232 quo
525 1150 565 1205 tu
593 1139 715 1205 Teano
742 1130 918 1204 Sidiciuo⁶
947 1160 984 1206 es
1011 1133 1206 1232 profectus.

133 1241 310 1313 Volueras
332 1244 427 1313 enim
450 1268 509 1315 me
527 1268 611 1315 cum
630 1249 678 1315 Μ.
701 1242 873 1315 Considio
900 1258 1122 1341 propraetore
1148 1245 1208 1316 illa

134 1352 280 1447 negotia
299 1355 405 1422 tueri.
424 1354 549 1442 Quum
568 1378 613 1424 eo
632 1355 829 1437 venissem,
851 1352 924 1424 vidi
941 1358 980 1423 Τ.
996 1365 1009 1408 ⁷
1035 1357 1209 1453 Ampium

133 1457 315 1531 delectum
330 1459 464 1532 babere
483 1461 772 1559 diligentissime,
792 1461 838 1534 ab
858 1486 902 1534 eo
919 1465 1081 1560 accipere
1097 1465 1208 1537 Libo·

135 1594 240 1653 nem,
258 1595 398 1641 summa
412 1573 498 1643 item
519 1570 718 1670 diligentia,
734 1586 770 1644 et
790 1575 827 1642 iu
849 1572 909 1643 illa
927 1571 1070 1644 colonia
1087 1590 1211 1647 aucto·

134 1678 254 1750 ritate.
270 1680 335 1750 Fui
352 1684 502 1778 Capuae,
523 1682 645 1780 quoad
668 1682 844 1754 consules.
870 1687 1036 1769 Iterum,
1071 1699 1112 1756 ut
1134 1699 1211 1757 erat

135 1786 274 1859 dictum
286 1788 332 1860 ab
346 1790 573 1880 consulibus,
588 1798 672 1864 reni
685 1797 846 1890 Capuam
860 1791 904 1864 ad
919 1819 1035 1866 nonas
1050 1792 1210 1867 februar.

136 1900 261 1988 Quum
290 1898 437 1972 fuissem
462 1901 644 1992 triduum,
670 1906 791 2000 recepi
822 1928 881 1974 me
911 1905 1080 1976 Formias.
1104 1910 1211 1979 Nunc

137 2010 238 2106 quod
255 2025 358 2081 tuum
377 2014 568 2084 consilium
581 2068 591 2101 ,
605 2028 666 2084 aut
680 2040 760 2111 quae
781 2018 871 2084 ratio
885 2013 971 2086 belli
987 2016 1050 2101 sit,
1066 2016 1209 2111 ignoro.

137 2121 174 2191 Si
192 2121 382 2193 tenendam
405 2123 500 2195 hanc
518 2150 621 2195 oram
648 2141 771 2223 putaS,
793 2150 874 2222 quae
895 2139 933 2196 et
952 2132 1210 2224 opportunita-

31 2316 33 2320 Α
136 2243 212 2301 tem
231 2244 267 2302 et
286 2229 522 2330 dignitatem8
542 2233 680 2321 babet,
705 2249 742 2305 et
766 2235 927 2333 egregios
950 2237 1069 2322 cives,
1092 2250 1146 2323 et,
1172 2249 1212 2306 ut

136 2340 311 2432 arbitror,
329 2347 445 2415 teneri
465 2359 604 2443 potest,
622 2368 716 2443 opus
736 2359 789 2415 est
808 2368 902 2431 esse,
920 2347 983 2442 qui
1001 2347 1130 2442 praesit.
1149 2347 1211 2416 Sin

137 2455 259 2523 omnia
272 2453 307 2523 in
325 2480 440 2525 unum
455 2456 575 2527 locum
589 2452 834 2537 contrahenda
848 2467 953 2540 sunt3
970 2478 1045 2524 non
1062 2451 1211 2542 dubito,

137 2566 228 2657 quin
248 2561 293 2633 ad
321 2578 359 2633 te
387 2567 506 2635 statim
531 2568 673 2637 veniam
694 2592 703 2634 ε
724 2588 800 2661 quo
826 2563 916 2635 mihi
938 2563 1029 2634 nibil
1052 2567 1211 2661 optatius

136 2685 213 2759 est3
244 2673 355 2771 idque
375 2687 516 2764 tecum,
538 2700 614 2772 quo
633 2674 691 2745 die
709 2671 755 2745 ab
774 2672 874 2745 Urbe
893 2673 1139 2761 discessimus,
1157 2672 1211 2744 lo-

137 2798 275 2880 quutus
294 2810 385 2856 sum.
406 2789 502 2882 Ego,
520 2789 551 2855 si
566 2785 626 2855 cui
642 2783 761 2854 adbuc
774 2781 900 2854 videor
919 2787 1063 2879 segnior
1081 2781 1211 2872 fuisse,

137 2893 225 2965 dum
248 2920 297 2966 ne
319 2894 384 2966 tibi
407 2895 548 2983 videar,
568 2920 645 2966 nou
666 2892 795 2965 laboro
817 2919 825 2964 ε
854 2908 890 2965 et
922 2908 1067 2981 tamen,
1088 2894 1140 2982 si,
1172 2906 1211 2964 ut

138 3125 223 3187 Lupus
235 3132 328 3185 praetor
340 3137 396 3169 cnm
407 3120 485 3169 tribus
495 3120 649 3171 cohortibus.
693 3120 741 3168 nire
755 3119 946 3178 mediterraneo,
957 3119 993 3166 sic
1007 3118 1073 3167 dicto
1088 3118 1211 3184 apopulir

138 3201 202 3250 Vide
211 3201 272 3251 Bell.
284 3201 339 3250 Cir.
352 3202 377 3259 l,
389 3209 430 3257 st.
441 3201 489 3249 En.
695 3200 738 3263 qui
757 3199 783 3247 id
801 3199 860 3246 olim
879 3209 1009 3246 tenuerunt
1028 3198 1159 3261 Sidicinis,
1181 3197 1211 3247 ed

176 3281 200 3330 5.
223 3283 258 3328 tt.
275 3280 391 3345 Eppium.
410 3280 507 3328 Hirtius
530 3277 561 3327 de
580 3279 650 3328 bello
695 3279 827 3327 discrimen
854 3278 930 3326 Teani
959 3278 1035 3343 Apuli
1057 3278 1083 3325 iu
1107 3278 1211 3342 Apulis,

137 3359 291 3418 Africallu,
301 3382 314 3401 a
323 3361 358 3408 Μ.
369 3360 509 3424 Oppiumn,
520 3357 587 3407 unde
596 3360 651 3423 quis
696 3360 765 3420 cujus
784 3358 873 3406 incolae
890 3360 1044 3416 Teanenses,
1064 3357 1130 3405 illius
1152 3374 1211 3406 vcro

137 3439 239 3487 fortasse
261 3439 340 3502 legat,
364 3461 376 3480 ι
388 3441 425 3488 Μ.
442 3439 565 3504 Puppinm
576 3461 605 3495 ιι,
623 3448 651 3485 ut
696 3437 812 3495 sidicino
829 3436 906 3484 bodie
921 3437 1008 3485 Ticino.
1023 3437 1104 3486 Coss.

138 3518 177 3565 Μ.
192 3518 314 3583 Puppium
334 3518 447 3565 Pisonem
465 3519 545 3565 virum
563 3534 651 3566 consu·
732 3534 756 3578 7.
774 3519 801 3565 T.
817 3516 942 3581 Arupiam.
965 3515 1005 3564 Ad
1024 3532 1097 3578 quern
1116 3528 1211 3567 exstem

138 3594 490 3661 larrmsigniflcet,praesertim
501 3613 650 3660 quum-no·
696 3612 735 3660 ep.
749 3595 794 3643 lib.
806 3597 841 3641 vt
858 3594 890 3642 ad
903 3595 961 3643 niv.
975 3595 1043 3641 Tubu
1061 3593 1120 3641 betti
1136 3596 1211 3645 civili]

140 3676 183 3722 stri
197 3675 310 3722 ordinis·
323 3674 401 3734 dicat,
414 3686 439 3723 et
451 3678 479 3725 L.
490 3678 651 3740 Torquatum,
697 3675 832 3723 dicebatur.
845 3673 909 3720 Vide
919 3676 969 3733 vt,
988 3687 1016 3719 ta
1025 3707 1032 3729 ,
1042 3673 1074 3720 ad
1083 3674 1142 3724 niv.
1154 3677 1211 3737 Ejus

140 3753 183 3818 qui
207 3764 258 3827 erat
279 3755 377 3817 etipse
398 3755 544 3812 consularis,
562 3753 653 3815 addat,
698 3756 769 3801 etiarn
784 3751 933 3800 mentionem
945 3752 1002 3799 lacit
1013 3751 1102 3812 Caesar,
1111 3752 1206 3803 denen

141 3833 187 3879 nisi
200 3833 256 3895 quis
270 3832 454 3896 ·M.0ptmtum
463 3855 476 3876 ι
491 3834 559 3882 malit
573 3833 653 3900 legere
700 3835 754 3883 civ.
765 3835 815 3892 tlt,
832 3832 889 3879 105.
900 3834 946 3881 En.

141 3926 172 3961 cx
191 3912 298 3970 Caesare,
320 3911 365 3961 lib.
384 3915 440 3975 111,
466 3913 580 3962 debello
597 3913 652 3960 Cir.
735 3915 760 3960 8.
784 3910 944 3975 Dignitatem.
968 3912 1006 3959 Ex
1027 3909 1088 3959 urbe
1111 3912 1211 3975 Capua,

140 3991 250 4038 Macies
697 4008 770 4055 quarn
782 4008 856 4055 supra
874 3990 938 4038 dixit
958 4007 1009 4038 esse
1031 3991 1211 4054 quasielterum

174 4070 199 4118 6.
214 4071 297 4117 Teano
309 4070 426 4119 Sidicino.
436 4065 540 4136 Oppido
549 4072 652 4135 Campe·
698 4073 810 4120 Romam.
819 4073 865 4119 En.
