2686 4822
135 373 180 418 aa
452 346 503 415 M.
526 347 567 415 T.
585 346 889 417 CICERONIS

132 467 280 540 ctoritas
306 465 541 538 vehementer
566 481 689 537 movet
718 492 726 534 :
758 465 864 538 affert
888 468 984 539 euim
1015 483 1054 541 et
1074 469 1208 569 reliqui

131 579 307 677 temporis
325 574 564 676 recuperandi
584 578 782 664 rationem,
806 591 842 648 et
862 581 1049 674 presentis
1069 581 1208 654 tuendi

131 687 220 777 Sed,
236 686 391 760 obsecro
410 700 466 776 te,
486 685 576 784 quid
603 685 676 758 boc
703 689 897 774 miserius,
923 713 1033 785 quam
1055 689 1208 762 alterum

94 890 97 897 Ι
130 798 279 896 plausus
289 791 322 844 ¹⁸
337 799 374 867 in
388 793 587 868 foedissima
601 820 709 867 causa
724 816 904 894 querere,
918 798 1073 876 alterum
1089 798 1208 873 offen·

130 908 250 978 nones
261 915 293 967 ¹⁹
308 911 347 977 in
359 907 518 1005 optima?
537 905 693 977 alterum
708 906 904 978 mutimari
918 923 1208 981 conservatorem

130 1018 381 1104 inimicorum,
401 1016 556 1090 alterum
571 1015 794 1089 desertorem
819 1018 1046 1090 amicorum?
1064 1022 1110 1089 Et
1131 1044 1208 1092 mc·

131 1125 279 1199 hercule
298 1129 463 1223 quamvis
487 1149 651 1200 amemus
673 1131 822 1198 Cnaeum
841 1143 1026 1217 nostrum,
1043 1143 1085 1200 ut
1103 1145 1142 1201 et
1157 1126 1208 1202 sa-

132 1239 265 1325 cimus,
286 1252 323 1308 ct
341 1236 540 1325 debemus,
571 1250 692 1308 tamen
717 1238 809 1322 boc,
838 1238 940 1335 quod
970 1237 1105 1310 talibus
1125 1241 1208 1311 viris

130 1373 207 1421 uon
224 1345 412 1434 subvenit,
432 1345 580 1418 laudare
597 1370 675 1417 nou
692 1372 852 1445 possum.
869 1351 962 1419 Nam
977 1352 1054 1420 sive
1070 1351 1208 1436 timuit;

130 1456 222 1556 quid
253 1456 444 1554 ignavius?
473 1457 568 1540 sive,
602 1471 644 1527 ut
672 1457 821 1554 quidam
845 1471 998 1556 putant,
1022 1459 1208 1530 meliorem

44 1630 47 1635 .
131 1590 234 1638 suam
255 1592 400 1639 causam
425 1567 573 1638 illorum
605 1567 745 1640 oede¹⁰
765 1566 843 1640 fore
865 1569 1137 1667 puuvit;.quid
1155 1571 1208 1641 iu·

129 1676 294 1771 justius?
311 1677 381 1749 Sed
398 1676 473 1748 baec
492 1680 702 1750 omittamus
718 1707 726 1751 ι
740 1703 916 1776 augemus
929 1683 1027 1751 enim
1043 1680 1208 1756 dolorem

132 1786 374 1862 retractando.

181 1926 220 1972 vr
237 1901 307 1973 kal.
327 1905 468 2000 vesperi
498 1898 630 1972 Balbus
649 1899 772 1971 minor
789 1900 836 1971 ad
852 1923 913 1977 me
930 1905 1047 1991 venit,
1069 1901 1208 1974 occulta

131 2014 190 2082 via
207 2034 357 2083 currens
382 2011 428 2082 ad
452 2010 649 2083 Lentulum
677 2009 892 2099 consulem,
916 2015 1029 2082 missu
1047 2013 1208 2100 cesaris,

134 2145 219 2192 cum
235 2121 365 2208 literis,
385 2144 468 2192 cum
487 2120 681 2208 mandatis,
704 2123 1044 2219 compromissione
1061 2122 1208 2221 provin«

134 2233 216 2322 ciae,
227 2236 379 2303 Romam
398 2247 440 2303 ut
459 2231 602 2321 redeat;
624 2234 682 2303 cui
700 2231 911 2331 persuaderi
934 2256 1041 2330 posse
1058 2256 1138 2303 non
1154 2256 1208 2304 ar·

134 2341 270 2430 bitror,
284 2344 390 2417 uisi⁸¹
411 2345 480 2414 en‘t
496 2357 706 2421 conventus.
724 2341 827 2414 Idem
841 2340 979 2430 aiebat,
997 2340 1088 2413 nibil
1104 2342 1208 2415 malle

133 2457 447 2553 cesarem,qnam
462 2468 504 2524 ut
515 2456 730 2552 Pompeium
739 2469 1013 2552 assequeretur3
1033 2452 1070 2524 id
1082 2439 1208 2525 credo:

135 2579 173 2637 et
190 2562 328 2636 rediret
344 2568 383 2635 in
404 2565 576 2661 gratiam,
599 2563 636 2635 id
657 2586 733 2635 non
760 2559 896 2652 credo;
924 2578 960 2635 et
988 2576 1136 2651 metuo,
1166 2586 1208 2635 ne

135 2666 256 2744 omnis
281 2672 358 2744 haec
378 2673 569 2745 clementia
591 2672 637 2744 ad
659 2696 771 2745 unam
795 2669 936 2745 illam⁹²
962 2668 1208 2745 crudelitatem

135 2783 335 2881 colligatur.
355 2783 487 2856 Balbus
504 2783 652 2884 quidem
669 2784 787 2879 major
805 2779 850 2856 ad
866 2808 927 2855 me
945 2782 1092 2869 scribit,
1119 2782 1208 2854 nihil

134 2894 243 2965 malle
263 2897 460 2984 Caesarem,
482 2916 592 2991 quam
617 2895 782 2992 principe
809 2896 982 2992 Pompeio
1005 2895 1083 2964 sine
1112 2909 1208 2966 metu

136 3005 267 3074 vivere.
289 3008 362 3088 Tu,
384 3019 496 3103 puto,
517 3003 594 3076 haee
612 3004 739 3077 credis.
766 3005 857 3088 sed,
888 3028 1004 3101 quum
1030 3003 1105 3075 haeo
1126 3006 1208 3076 scri·

136 3113 307 3188 bebamv
331 3111 475 3185 kalend.
496 3118 691 3215 Pompeius
716 3116 791 3211 jam
821 3114 1052 3185 Brundisium
1072 3119 1208 3190 venisse

174 3371 216 3419 rs.
226 3369 337 3417 Alterum
345 3367 458 3431 plausus.
469 3367 598 3415 Caesarem.
701 3362 860 3413 Plautiumin
871 3362 1142 3426 Congrionemindnl.
1159 3365 1208 3413 «Τι

174 3465 216 3512 ¹9·
224 3447 336 3497 Aluan
344 3444 499 3512 ujsmsiones.
507 3443 653 3509 Pompeium
700 3444 753 3492 scio
775 3443 845 3491 facile
864 3442 985 3491 abstinere
1002 3457 1093 3506 posse,
1110 3443 1133 3489 ιί
1152 3442 1208 3492 nihi

136 3529 164 3577 id
187 3543 279 3593 cgere,
297 3537 327 3574 ut
347 3528 374 3574 in
396 3527 490 3590 optim
513 3540 585 3573 causa
605 3521 653 3572 sibi
700 3522 797 3571 obviam
813 3524 878 3570 est».
891 3521 994 3570 Perinde
1008 3522 1071 3569 acsi
1089 3520 1207 3573 dimttss

137 3608 223 3657 odium
235 3617 316 3670 paret.
327 3607 385 3654 Seu.
701 3612 838 3648 conventus
859 3603 920 3661 crit,
943 3599 1049 3648 arbitror
1067 3616 1140 3663 posse
1157 3619 1208 3667 pen

174 3702 216 3734 uo.
228 3685 332 3735 Illorum
344 3684 422 3733 cado.
433 3684 563 3733 Cuneo·
571 3718 579 3743 ,
588 3697 652 3745 quos
700 3679 803 3728 suaderi.
818 3682 899 3728 Cosa.
911 3706 947 3717 -
956 3681 1045 3728 Senam
1058 3689 1094 3727 est
1107 3680 1208 3730 :sium

139 3768 166 3817 iu
185 3763 296 3816 corfinio
318 3765 457 3821 invenerat,
476 3777 528 3810 uon
547 3758 653 3821 oceidit,
697 3756 886 3816 nibilefficient‚
899 3760 946 3806 nisi
961 3774 1042 3805 corum
1055 3774 1112 3806 cum
1123 3760 1208 3808 eoCm

138 3845 183 3895 sed
192 3840 441 3893 bonorificentissime
457 3850 573 3904 exceptos
585 3839 655 3887 dimi·
698 3854 737 3886 ιιι
748 3839 832 3902 egerit.
844 3837 909 3886 Male
917 3840 985 3887 Mum
1000 3838 1060 3887 «cui
1073 3838 1206 3904 persuadet

139 3927 180 3973 sit.
194 3921 348 3985 elongent,
361 3931 390 3969 nt
400 3919 511 3983 Pompeii
522 3917 613 3967 milites
622 3915 655 3967 ed
701 3933 772 3982 posse
785 3916 898 3975 arbitror,
914 3918 991 3966 nisisi
1001 3933 1052 3966 non
1061 3919 1107 3967 erit
1116 3935 1160 3965 c.»
1169 3918 1208 3965 En

141 4021 168 4054 ιο
178 4003 294 4052 allusu.
304 4002 353 4050 llo.
513 4018 516 4024 ·
735 4013 777 4046 aa.
798 3996 874 4045 Illam
892 3996 1072 4047 crudelitatem.
1087 4000 1122 4048 Ut
1143 3999 1205 4048 Pom

176 4098 220 4134 au.
229 4079 294 4130 Nisi.
301 4077 416 4138 lomois
424 4075 567 4138 brumum,
577 4075 655 4141 quatu
699 4077 769 4142 peius
780 4075 948 4127 interficiatur.
957 4078 1020 4131 Bm.
