2686 4822
162 335 210 409 30
486 339 537 408 Μ.
563 339 602 407 Τ.
630 336 911 411 CICERONIS

154 486 237 562 quae
262 464 308 532 D.
335 458 468 531 Laelio²
483 459 528 532 ud
546 459 713 532 consules
727 457 901 555 dederas,
921 459 1054 530 certior
1070 461 1126 532 tui
1144 484 1231 535 con·

155 571 225 671 silii
236 569 369 656 lactus,
386 591 463 640 non
479 573 702 667 exspectavi,
720 568 808 641 dum
827 568 915 639 mibi
931 593 953 643 a
971 585 1006 642 te
1024 570 1136 642 literae
1149 573 1232 647 red·

154 682 348 767 derentur‚
372 677 639 776 confestimque
659 702 744 751 cum
763 680 905 769 Quinto
927 678 1058 766 uene,
1090 695 1128 752 et
1146 705 1231 755 cum

155 790 278 862 liberis
291 790 424 861 nostris
437 791 507 860 iter
520 786 564 859 ad
576 803 612 860 te
627 793 666 859 in
678 789 847 887 Apuliam
862 787 978 861 facere
987 793 1092 888 coepi.
1105 795 1231 882 Quum

154 907 315 975 Teanum
340 898 539 971 Sidicinum
556 902 759 986 venissem,
780 902 819 969 C.
852 899 1025 986 Messius,
1047 899 1231 973 familiaris

153 1029 259 1097 tuus,
279 1009 368 1082 mihi
396 1009 501 1098 dixit,
530 1007 664 1107 aliique
701 1009 926 1107 complures,
951 1012 1128 1081 Caesarem
1160 1013 1231 1084 iter

153 1122 289 1194 habere
307 1125 483 1219 Capuam,
501 1133 537 1190 et
554 1143 599 1190 eo
613 1121 693 1217 ipso
712 1117 771 1190 die
789 1142 1004 1189 mansurum
1022 1144 1100 1190 esse
1112 1123 1229 1193 AEser·

153 1231 258 1304 niae3.
281 1234 373 1301 Sane
396 1254 476 1301 sum
493 1243 722 1314 commotus;
752 1228 874 1327 quod,
898 1230 928 1299 si
951 1232 1001 1300 ita
1017 1244 1131 1319 esset,
1153 1256 1229 1304 non

153 1339 265 1414 modo
290 1341 359 1411 iter
382 1363 505 1411 meum
527 1337 782 1426 interclusum,
802 1337 864 1411 sed
887 1363 947 1410 me
971 1340 1090 1436 ipsum
1119 1340 1228 1440 plane

153 1464 345 1549 exceptum
358 1446 543 1546 putabam.
560 1451 689 1545 Itaque
707 1463 785 1519 tum
805 1448 908 1521 Cales
923 1451 1100 1548 processi,
1119 1466 1162 1523 ut
1175 1451 1226 1525 ibi

152 1560 382 1662 potissimum
397 1558 650 1645 consisterem,
669 1557 758 1629 dum
774 1572 913 1630 certum
924 1557 1032 1630 nobis
1048 1557 1094 1632 ab
1113 1564 1228 1635 AEser·

150 1675 210 1745 nia
224 1670 270 1744 de
289 1693 351 1757 eo,
370 1666 473 1767 quod
485 1668 689 1757 audieram,
703 1668 909 1741 referretur.
928 1669 1092 1757 Atmihi,
1110 1694 1226 1769 quum

150 1781 296 1857 Calibus
315 1802 449 1866 essem,
465 1775 617 1849 affertur
636 1777 822 1851 literarum
835 1795 979 1853 tuarum
994 1782 1225 1904 exemplum,

92 1973 97 1983 Ι
148 1917 240 2018 quas
267 1905 307 1960 tu
328 1887 373 1960 ad
391 1887 588 1960 Lentulum
612 1889 799 1961 consulem
817 1891 982 1963 misisses.
1006 1894 1068 1960 Hae
1083 1892 1226 1993 scriptae

147 2006 199 2077 sic
216 2014 345 2074 erant.
362 1999 499 2069 Literas
520 1996 589 2068 tibi
609 2023 631 2070 a
651 2002 691 2071 L
709 2001 870 2071 Domitio
888 2025 917 2072 a
940 2000 975 2072 d
994 2025 1061 2073 xin
1078 1999 1221 2076 kalend.

148 2128 253 2187 mart.
279 2111 401 2183 allatas
420 2133 498 2180 esse
515 2115 741 2207 (earumque
767 2088 974 2209 exemplum
1001 2109 1225 2211 subscripse-

145 2229 222 2320 ras)
233 2278 243 2308 ‚
255 2222 452 2318 magnique
463 2223 634 2293 interesse
647 2219 854 2318 reipublicae
868 2221 1078 2319 scripseras,
1093 2246 1224 2299 omnes

143 2336 266 2433 copias
288 2333 408 2430 primo
431 2354 582 2428 quoque
604 2345 770 2428 tempore
791 2333 831 2403 in
852 2357 968 2405 unum
991 2331 1112 2404 locum
1131 2358 1222 2407 con-

142 2448 287 2527 venire;
305 2457 342 2512 et
362 2455 418 2527 ut,
439 2439 592 2536 praesidii
607 2441 709 2537 quod
727 2443 810 2515 satis
827 2457 940 2529 esset,
961 2447 1095 2540 Capuae
1112 2445 1223 2518 relin-

143 2567 282 2654 queret.
298 2556 361 2622 His
379 2575 447 2646 ego
473 2550 584 2623 literis
602 2551 721 2640 lectis,
740 2556 778 2623 in
797 2553 923 2625 eadem
947 2557 1124 2652 opinione
1143 2554 1220 2644 fui,

142 2689 216 2762 qua
234 2660 367 2757 reliqui
385 2683 532 2746 omnes,
552 2675 587 2732 te
610 2685 694 2732 cum
711 2662 882 2734 omnibus
905 2666 1017 2761 copiis
1035 2662 1082 2734 ad
1100 2664 1220 2738 Corfi-

142 2779 245 2846 nium
267 2795 344 2843 esse
361 2784 584 2842 venturum:
608 2797 684 2869 quo
701 2773 812 2861 mihi,
832 2799 947 2872 quum
964 2780 1080 2847 Caesar
1095 2775 1141 2846 ad
1155 2802 1221 2876 op·

139 2883 267 2983 pidum
279 2894 393 2952 castra
410 2877 579 2967 haberet,
598 2893 717 2953 tutum
729 2887 798 2955 iter
811 2907 888 2955 esse
906 2909 984 2955 non
1003 2883 1217 2958 arbitrabar.

140 2998 264 3086 Quum
285 3015 342 3062 res
364 2992 402 3061 in
426 3015 567 3063 summa
589 2997 857 3091 exspectatione
882 3009 995 3081 esset,
1016 3009 1218 3093 utrumque

138 3103 245 3177 simul
263 3094 447 3187 audimus,
464 3115 501 3170 et
524 3126 605 3197 quae
627 3101 778 3174 Corfinii
797 3118 875 3175 acta
888 3119 1025 3189 essent,
1046 3119 1082 3175 et
1096 3118 1132 3176 te
1146 3107 1217 3178 iter

139 3213 373 3289 Brundisium
391 3208 507 3281 lacere
522 3213 674 3311 coepisse
693 3240 702 3285 ε
723 3238 914 3312 quumque
931 3238 1000 3287 nec
1018 3213 1124 3303 mihi,
1146 3240 1217 3289 nec

135 3327 238 3400 fratri
262 3347 344 3394 meo
365 3320 520 3394 dubium
550 3338 662 3411 esset,
690 3327 781 3421 quin
803 3326 1034 3399 Brundisium
1058 3341 1215 3401 conten·

136 3440 323 3520 deremus;
347 3458 368 3504 a
388 3433 535 3522 multis,
556 3434 620 3532 qui
637 3459 657 3506 e
677 3437 825 3508 Samnio
854 3437 1057 3534 Apuliaque
1090 3442 1214 3512 venie·

133 3549 239 3633 bant,
253 3545 429 3617 admoniti
442 3569 587 3629 sumus,
604 3559 646 3617 ut
656 3571 886 3631 caveremus,
901 3571 947 3618 ne
961 3548 1214 3644 exciperemur

134 3684 155 3730 a
171 3661 326 3743 Caesar03
345 3653 447 3751 quod
461 3655 491 3726 is
506 3656 544 3727 in
557 3654 683 3728 eadem
701 3656 794 3744 loca,
807 3681 890 3754 quae
902 3680 970 3729 nos
981 3656 1211 3754 petebamus,

132 3764 337 3864 profectus,
359 3762 511 3835 celerius
534 3767 666 3854 etiam,
692 3790 801 3866 quam
820 3791 887 3839 nos
904 3792 1117 3866 possemus,
1141 3796 1211 3859 eo,

168 3946 193 3977 a.
214 3929 244 3976 D.
266 3928 349 3975 talio.
369 3926 417 3976 llic
441 3925 556 3990 deinceps
575 3928 648 3977 classi
727 3930 751 3979 3.
766 3929 1211 4001 Εεενηίω,ἛωωίιορρίᾶπωἝαῖῑ

131 4009 258 4073 proiectus
267 4008 393 4066 estinora
404 4006 516 4055 Asiatica.
525 4007 646 4057 Bellen.
690 4009 764 4057 situm
792 4013 818 4059 in
845 4013 960 4072 Somnio,
993 4013 1025 4062 ad
1051 4028 1126 4080 ceput
1147 4021 1210 4069 Vul-

129 4090 178 4148 111,
194 4089 218 4135 5.
228 4087 272 4133 En.
689 4092 764 4139 turni.
778 4091 825 4140 lin.
