2686 4822
239 336 281 409 18
555 336 604 405 Μ.
629 337 669 405 Τ.
696 335 989 408 CICERONIS

231 458 396 532 subsidio
415 471 591 530 venturus
610 458 666 528 sit.
693 461 769 553 Ego
791 483 868 529 nou
896 472 997 555 puto.
1025 462 1177 531 Deseret
1198 461 1308 558 igitur

230 569 340 642 talem
364 569 499 654 civem,
520 581 557 638 et
578 572 678 655 eos¹‚
696 591 790 664 quos
811 592 886 638 una
905 570 974 639 scis
990 570 1090 640 esse?
1109 595 1227 667 quum
1247 571 1308 644 ha·

229 678 315 753 beat
336 678 534 777 praesertim
550 692 587 749 et
604 679 680 774 ipse
699 677 869 750 cohortes
892 681 989 751 xxx?
1007 680 1081 751 Nisi
1105 705 1162 752 me
1184 686 1309 753 omnia

229 789 375 876 fallunt,
388 787 539 860 deseret.
551 786 819 859 Incredibiliter
829 789 1024 886 pertimuit
1038 789 1138 862 Nihil
1151 805 1307 888 spectat,

229 902 300 974 nisi
318 897 441 996 fugam
471 923 479 968 ε
512 900 571 969 cui
600 911 641 968 tu
664 894 795 992 (video
812 900 931 986 euim,
949 896 1039 995 quid
1063 899 1227 993 sentias)
1247 924 1307 972 me

227 1013 399 1085 comitem
421 1021 527 1107 putas
543 1005 678 1079 debere
693 1031 782 1079 esse.
803 1013 880 1105 Ego
895 1032 1003 1096 vero,
1020 1033 1132 1106 quem
1150 1007 1307 1107 fugiam,

225 1122 371 1208 habe03
411 1143 522 1217 quem
555 1142 709 1216 sequar,
740 1143 816 1189 nou
845 1118 974 1191 habeo.
1005 1119 1115 1211 Quod
1140 1121 1237 1192 enim
1266 1136 1307 1193 tu

227 1256 350 1307 meum
377 1229 521 1316 laudas,
551 1243 590 1301 et
609 1227 907 1300 memorandum¹
924 1228 1031 1319 dicis,
1059 1229 1184 1317 malle,
1205 1231 1304 1328 quod

225 1341 398 1427 dixerim,
418 1364 477 1409 me
493 1363 576 1410 cum
591 1340 764 1435 Pompeio
776 1340 894 1425 vinci,
909 1364 1020 1436 quam
1037 1364 1122 1411 cum
1134 1340 1211 1412 istis
1226 1344 1305 1412 vin·

187 1498 193 1508 ,.
225 1475 310 1524 cere
331 1476 339 1518 :
358 1473 427 1546 ego
445 1472 532 1520 vero
550 1447 664 1531 malo,
683 1447 747 1519 sed
759 1473 843 1519 cum
858 1449 922 1521 illo
939 1454 1129 1548 Pompeio,
1142 1455 1207 1548 qui
1225 1466 1305 1524 tum

226 1576 321 1648 erat,
342 1573 406 1631 aut
425 1560 489 1656 qui
504 1558 592 1630 mihi
608 1582 686 1630 esse
701 1557 913 1647 videbatur3
933 1582 1017 1631 curu
1036 1560 1107 1631 hoc
1121 1585 1225 1647 vero,
1240 1563 1305 1659 qui

224 1686 310 1745 ante
331 1669 443 1768 fugit,
462 1695 572 1767 quam
592 1671 679 1757 scit,
698 1684 761 1741 aut
774 1694 884 1766 quem
903 1668 1034 1768 fugiat,
1051 1685 1115 1743 aut
1128 1672 1304 1770 qu0‚qui

26 1768 32 1781 ’
134 1854 137 1859 ,
227 1796 351 1855 nostra
362 1778 526 1862 tradidit,
539 1781 602 1876 qui
617 1780 768 1877 patriam
781 1779 948 1877 reliquit,
964 1781 1102 1852 ltaliam
1111 1780 1305 1879 relinquit,

226 1894 258 1964 si
278 1892 408 1979 malui3
436 1890 607 1987 contigit3
629 1890 744 1963 victus
762 1888 879 1963 sum³.
899 1891 1009 1981 Quod
1029 1907 1216 1990 superest,
1235 1917 1306 1966 nec

227 2005 295 2074 ista
314 2000 437 2072 videre
454 2024 623 2098 possum,
644 2024 743 2097 qum,
764 2025 966 2098 numquam
988 2003 1108 2088 timui,
1135 2027 1181 2074 ne
1201 2000 1304 2076 vide·

224 2137 324 2202 rem3
348 2136 416 2183 nec
431 2110 640 2183 mehercule
654 2109 806 2199 istumt,
826 2126 978 2209 propter
996 2136 1105 2209 quem
1119 2112 1212 2183 mihi
1227 2128 1305 2185 uon

225 2221 338 2295 modo
354 2222 460 2309 meis,
482 2220 546 2293 sed
564 2235 701 2293 memet
717 2224 797 2319 ipso
816 2220 1014 2293 carendum
1029 2238 1093 2294 est.
1111 2222 1166 2294 Ad
1182 2222 1305 2297 Philo·

225 2335 356 2404 timum
377 2331 504 2429 scripsi
523 2330 570 2401 de
585 2331 730 2421 viatico,
746 2332 819 2402 sive
835 2355 855 2402 a
873 2336 1019 2404 Moneta
1030 2329 1045 2375 ⁵
1056 2335 1070 2429 (
1081 2356 1189 2404 nemo
1203 2336 1304 2406 enim

225 2442 375 2539 solvit),
393 2443 467 2512 sive
485 2438 531 2513 ab
551 2442 704 2539 Oppiis,
725 2443 797 2515 tuis
814 2440 1150 2517 contubernalibus.
1173 2445 1305 2519 Cetera

225 2553 391 2651 apposita
410 2550 473 2622 tibi
496 2548 690 2623 mandabo.

263 2812 288 2845 r.
310 2781 371 2844 Eos.
396 2792 417 2842 E
437 2793 529 2857 quibus
550 2806 603 2844 erat
622 2794 740 2845 lentulus
820 2797 1303 2863 r.1rrnm.80h.tnultigitcwm.

224 2875 342 2943 Spinther
354 2873 503 2937 consularis,
520 2873 604 2940 plum
616 2886 740 2927 senatores
784 2874 884 2927 Rectius
907 2881 935 2927 J.
951 2880 983 2927 V.
1006 2881 1033 2927 L.
1057 2879 1213 2943 Pompeium.
1232 2880 1303 2931 Tunc

224 2956 329 3005 etmulti
338 2955 440 3020 equites.
453 2954 500 3003 En.
785 2955 850 3003 cuim
871 2955 959 3005 Cicero
979 2955 1067 3005 cedere
1091 2956 1160 3007 ltalia
1182 2957 1303 3021 volebat,

261 3051 286 3083 a.
299 3033 495 3083 Memoradum.
504 3033 580 3098 Quod
590 3033 684 3083 dictum
693 3036 740 3084 tibi
784 3050 836 3082 nou
846 3045 925 3082 tumen
934 3035 970 3083 irc
980 3034 1012 3082 sd
1022 3036 1177 3101 Pompeium.
1188 3037 1236 3086 Eo.

225 3114 289 3167 adeo
301 3114 405 3180 placuit,
420 3123 448 3161 ut
457 3112 520 3161 nihi
527 3113 554 3160 id
562 3113 590 3161 in
599 3115 740 3163 memoriam
822 3114 848 3162 5.
859 3115 972 3162 Moneta.
985 3116 1065 3162 hom
1076 3124 1140 3176 erat,
1150 3115 1193 3163 ubi
1203 3129 1303 3167 mom

224 3208 324 3264 putares
336 3194 511 3244 revocmdum.
523 3197 582 3245 scu.
786 3192 929 3241 cudcbrtur.
944 3194 1006 3241 Inde
1018 3194 1096 3242 vulta
1110 3194 1246 3245 Philotimo
1257 3214 1303 3263 po·

264 3279 288 3326 3.
309 3275 435 3340 Contigitr
451 3274 533 3324 victus
558 3291 620 3326 srrm.
641 3277 743 3323 Fructus
786 3273 883 3321 cuniam
907 3272 984 3331 sumi,
1008 3272 1116 3330 tradito,
1136 3273 1206 3337 quod
1227 3276 1302 3325 cum

226 3358 314 3407 locus:
336 3355 479 3417 conjunctio
491 3354 560 3403 verbi
573 3355 652 3404 felicia
665 3354 740 3419 signi·
786 3368 853 3400 nuuc
868 3351 931 3402 solet
942 3387 950 3413 ,
963 3368 1039 3412 auro,
1053 3362 1185 3417 argentove
1198 3354 1302 3406 infecto.

226 3435 322 3484 fiocnu's
335 3451 391 3484 cum
403 3434 478 3482 verbo
488 3433 551 3483 nihil
562 3445 651 3500 preter
663 3434 740 3482 tristis
784 3432 893 3482 Miror.
902 3459 938 3469 -
947 3434 1025 3483 Nemo
1034 3432 1099 3480 enim
1111 3432 1190 3482 solvit.
1205 3433 1302 3500 Nempe

227 3518 344 3564 innuente
357 3514 439 3564 uictru
456 3518 519 3563 min.
534 3515 581 3564 Ilo.
785 3525 816 3560 ex
827 3510 870 3573 its,
881 3512 924 3576 qui
938 3512 997 3560 mihi
1007 3511 1105 3562 debent.
1120 3512 1168 3561 Ilo.
