2686 4822
220 107 483 178 aristosa
507 109 575 177 an
599 108 990 195 astruuntur,
1022 85 1074 209 ιἰ,
1139 108 1181 182 31

82 252 176 326 quo
194 228 423 318 intenderet,
435 242 613 300 venturus
625 241 730 298 esset.
751 225 861 316 Quod
878 252 993 324 quum
1011 231 1060 300 ita
1075 244 1186 320 esset,

80 363 169 411 mec
188 338 307 425 mihi,
329 362 398 411 nec
425 337 528 410 fratri
560 361 661 424 meo,
695 362 763 409 nec
792 338 965 434 cuiquam
987 341 1188 412 amicorum

78 449 243 546 placuit
270 450 521 534 committere,
546 460 587 518 ut
612 448 794 519 temeritas
821 464 944 519 nostra
965 474 1042 520 non
1068 450 1187 523 solum

79 558 305 645 110bis,sed
320 561 428 631 etiam
440 556 651 658 reipublicae
668 572 837 644 noceret;
860 584 977 656 quum
987 564 1186 659 praesertim

77 693 178 739 lton
199 666 475 757 dubitaremus,
494 669 621 764 quin,
650 667 679 737 si
704 670 811 738 etiam
839 683 962 740 tutum
988 670 1096 742 nobis
1119 674 1189 744 iter

74 778 249 864 fuisset,
263 793 300 850 te
315 793 438 853 tamen
449 779 524 873 jam
538 781 712 875 consequi
728 803 803 847 non
817 802 1016 877 possemus.
1035 783 1186 853 Interim

76 884 313 986 accepimus
338 904 419 961 tuas
438 887 581 975 literas,
599 889 758 958 Canusio
777 912 808 957 a.
828 886 863 957 d
880 913 904 957 x
921 887 1064 960 kalend.
1082 905 1185 961 mart.

75 999 222 1086 (latas,
243 997 380 1096 quibus
407 1024 476 1071 nos
498 997 679 1077 hortaris,
710 1012 753 1069 ut
778 998 930 1069 celerius
956 998 1187 1072 Brundisium

77 1109 314 1197 veniamus3
327 1133 419 1205 quas
428 1131 544 1205 quum
557 1108 820 1204 accepissemus
832 1131 862 1177 a.
876 1106 912 1178 d.
925 1107 1067 1180 kalend.
1082 1125 1185 1182 mart.

81 1242 181 1290 mon
207 1216 487 1305 dubitabamus,
518 1220 609 1315 quin
637 1231 676 1287 tu
707 1216 780 1311 jam
805 1217 1036 1290 Brundisium
1059 1243 1188 1319 perve-

80 1331 221 1401 nisses
241 1353 249 1397 :
271 1327 452 1425 nobisque
468 1332 539 1400 iter
560 1326 651 1399 illud
668 1329 821 1398 omniuo
840 1330 1076 1402 interclusum
1092 1330 1190 1404 vide·

81 1435 236 1523 batur,
251 1461 374 1534 neque
389 1438 510 1509 minus
527 1462 594 1509 nos
615 1460 691 1509 csse
709 1451 854 1535 captos,
870 1463 981 1535 quam
995 1442 1061 1537 qui
1074 1439 1191 1512 Corfi-

86 1551 239 1620 niumt
262 1552 456 1620 venissent.
472 1552 601 1644 Neque
615 1548 713 1619 enim
732 1572 795 1618 eos
811 1548 907 1621 solos
924 1549 1191 1622 arbitrabamur

88 1660 209 1757 capi,
238 1660 300 1755 qui
329 1662 368 1735 in
393 1672 620 1732 armatorum·
640 1682 770 1729 manus
792 1657 1017 1748 incidissent,
1043 1659 1107 1731 sed
1128 1684 1191 1733 eos

94 1769 226 1843 nihilo
248 1770 386 1855 miuus,
409 1774 474 1868 qui
488 1767 701 1866 regionibus
719 1767 873 1854 exclusi,
894 1770 990 1840 intra
1005 1771 1190 1867 praesidia,

96 1896 220 1979 atque
239 1880 336 1951 iutra
351 1904 451 1952 arma
466 1880 582 1951 aliena
600 1879 792 1950 venissent.
812 1878 920 1968 Quod
936 1904 1051 1976 quum
1064 1881 1113 1951 ita
1129 1886 1192 1970 sit,

103 1990 266 2061 maxime
288 1987 418 2063 vellem
435 1993 595 2086 primum
613 2010 757 2085 semper
776 2003 898 2069 tecum
915 1986 1070 2078 fuisse⁵;
1089 1989 1190 2087 qnod

82 2098 261 2196 ‘quidem
291 2096 358 2169 tibi
382 2097 637 2184 ostenderam,
658 2121 773 2194 quum
798 2121 817 2167 a
843 2122 902 2169 me
923 2102 1084 2196 Capuam
1106 2100 1192 2194 reji-

79 2288 85 2301 ,
111 2207 270 2298 ciebam3
292 2205 395 2306 quod
412 2205 482 2279 leci
500 2231 577 2279 non
589 2206 726 2278 vitandi
740 2210 863 2278 oneris
876 2231 1003 2295 causa,
1017 2207 1078 2281 sed
1091 2209 1192 2308 quod

115 2316 300 2407 ridebam
317 2317 434 2390 teneri
450 2316 548 2391 illam
561 2317 690 2389 urbem
708 2318 785 2387 sine
799 2318 958 2388 exercitu
977 2342 1053 2390 non
1065 2341 1192 2416 posset

10 2422 20 2526 [
118 2427 279 2500 accidere
289 2440 412 2499 autem
430 2428 521 2499 mihi
542 2427 732 2514 nolebam,
762 2425 864 2523 quod
887 2425 996 2500 doleo
1013 2431 1097 2499 viris
1120 2428 1193 2501 for·

10 2618 26 2631 ,
120 2539 261 2611 tissimis
277 2536 461 2609 accidisse.
483 2533 690 2630 Quoniam⁶
709 2552 850 2623 autem,
871 2554 991 2609 tecum
1005 2554 1048 2610 ut
1061 2564 1195 2626 essem,

10 2712 24 2748 ·.
121 2672 191 2721 non
208 2649 388 2744 contigit:
409 2650 549 2719 utinam
562 2649 617 2719 tui
629 2647 769 2720 consilii
785 2634 919 2719 certior
932 2646 1048 2719 factus
1060 2647 1193 2721 essem!

13 2816 26 2834 .
122 2781 200 2831 narn
210 2758 422 2856 suspicione
437 2758 580 2857 assequi
594 2783 671 2829 non
691 2759 815 2855 potui;
835 2757 934 2855 quod
955 2762 1076 2829 omnia
1095 2761 1197 2857 prius

122 2868 312 2941 arbitratus
333 2890 414 2943 snm
437 2866 535 2955 lore,
556 2894 668 2965 quam
691 2882 732 2939 ut
754 2868 831 2940 hoec
855 2868 1064 2967 reipublicae
1090 2896 1196 2944 cansa

10 3030 24 3072 ε
123 2980 156 3049 in
175 2977 280 3050 ltalia
300 3002 375 3049 non
402 2992 524 3075 posset
544 2977 636 3049 duce
660 2993 694 3049 te
714 2980 923 3051 consistere.
954 2983 1083 3079 Neque
1111 3007 1197 3053 vero
1288 3000 1292 3006 '

10 3154 22 3166 .
124 3113 219 3161 nunc
232 3086 423 3159 consilium
441 3100 570 3159 tuum⁷
583 3086 832 3187 reprehendo,
850 3087 912 3160 sed
928 3087 1111 3161 fortunam
1129 3093 1198 3162 rei-

10 3265 20 3277 ,
125 3196 275 3297 publicae
288 3196 414 3295 lugeo,
434 3221 520 3286 nec,
534 3201 566 3271 si
579 3223 667 3296 ego,
685 3197 774 3295 quid
790 3214 831 3270 tu
848 3200 896 3269 sis
909 3215 1102 3296 sequutus,
1121 3226 1197 3272 nou

10 3360 20 3375 .
126 3309 319 3406 perspicio,
331 3305 465 3380 idcirco
475 3308 596 3380 minus
610 3312 796 3396 existimo,
813 3323 850 3380 te
866 3307 955 3379 nihil
975 3310 1043 3380 nisi
1058 3332 1198 3381 summa

160 3562 186 3608 4.
199 3553 346 3612 Lambinus,
360 3550 485 3605 «Corfinii
503 3552 636 3621 lolmnt‘.
718 3569 742 3610 7.
768 3551 899 3601 Consilium
922 3564 1000 3600 utram.
1023 3553 1200 3618 Relinquenda

131 3632 193 3682 tv,
205 3634 235 3682 1..
578 3624 582 3629 ’
682 3632 765 3682 ltaliae.
778 3632 843 3680 Vide
852 3648 925 3699 qnam
934 3630 1024 3680 blande
1036 3632 1066 3680 de
1078 3632 1128 3682 hoc
1139 3651 1201 3684 con-

164 3710 187 3760 5.
204 3709 362 3777 sssum.
374 3713 399 3761 J.
408 3711 441 3759 V.
449 3714 479 3762 1..
683 3711 739 3760 silio
748 3708 900 3760 seribens'ad
914 3711 1056 3775 Pompeium
1069 3712 1200 3776 loquatur:

163 3790 190 3837 6.
203 3789 371 3840 Godllrlliol.
383 3790 579 3855 Qreardo.Quod
589 3789 641 3856 pla·
685 3790 754 3853 quod
764 3790 789 3837 in
803 3807 862 3856 epp.
877 3790 908 3838 ad
922 3790 1032 3838 Atticum
1042 3791 1121 3840 multo
1132 3808 1201 3857 aper·

136 3868 181 3916 tuit
195 3870 358 3920 Graerio.lln.
692 3872 740 3919 tius
751 3880 775 3918 et
785 3869 885 3919 liberius
903 3870 1067 3934 reprehendit.
1082 3873 1139 3920 Sca.
1203 3875 1206 3880 '
