2686 4822
178 336 438 409 EPISTOLAE
461 335 531 403 AD
555 334 1009 423 ATTICUM,V111,6.
1090 364 1129 438 ¹7

46 482 124 555 ego
142 457 189 528 ad
212 443 249 529 ie
270 455 388 554 pridie
413 457 581 527 miseram
591 464 618 526 ².
639 456 699 526 Dii
719 456 961 549 immortales,
988 463 1053 557 qui
1074 488 1133 535 me

46 568 187 639 horror
207 563 383 666 perfudit!
412 589 524 662 quam
550 590 631 636 sum
661 565 855 655 sollicitus,
873 569 1048 665 quidnam
1079 571 1135 645 fu·

47 694 180 749 turum
200 676 265 749 sit!
290 683 368 748 Hoc
394 690 517 747 tamen
540 701 669 774 spero,
699 701 872 772 magnum
897 703 1031 752 nomen
1066 686 1134 756 im-

48 790 231 886 peratoris
251 787 348 876 fore,
367 810 538 884 magnum
555 791 593 856 in
610 786 769 858 adventu
787 802 975 860 terrorem.
995 793 1132 891 Spero³

53 902 182 987 etiam,
205 899 379 996 quoniam
399 895 519 967 adhuc
540 896 630 967 nihil
654 896 761 968 nobis
780 897 920 985 obfuit,
938 900 1030 973 nihii
1051 929 1130 976 mu·

56 1023 148 1080 tasse
167 1037 176 1080 :
199 1033 267 1081 nec
283 1005 466 1104 tegentia⁴
479 1006 571 1094 hoc,
593 1006 694 1104 quod
711 1032 828 1103 quum
838 1006 982 1080 fortiter
994 1027 1031 1083 et
1049 1012 1132 1085 dili·

64 1134 204 1209 genter,
221 1134 300 1190 tum
318 1120 424 1190 etiam
444 1116 603 1205 hercule.
618 1117 731 1187 Modo
749 1119 846 1188 enim
861 1118 1003 1209 audivi,
1021 1148 1132 1220 quar.
1237 1114 1242 1129 ⁸

69 1243 177 1302 tanam
191 1255 213 1300 a
233 1244 269 1301 te
283 1228 497 1299 discessisse.
515 1231 668 1314 Moriar,
687 1228 716 1298 si
735 1231 848 1325 magis
867 1230 1083 1327 gauderem,
1101 1237 1132 1307 si

75 1339 103 1409 id
119 1341 205 1411 mibi
230 1339 427 1411 accidisset.
448 1338 543 1408 Piliae
562 1335 637 1426 dic,
664 1363 740 1409 non
760 1363 837 1409 esse
854 1364 1003 1438 aequum
1013 1339 1040 1432 ⁵,
1055 1370 1134 1417 eam

77 1444 195 1522 diutius
213 1448 372 1537 habere,
401 1472 469 1519 nec
488 1447 525 1519 id
552 1470 630 1518 esse
650 1461 776 1518 vestrae
799 1449 1011 1522 concoidiae.
1032 1457 1136 1526 Tiro·

78 1583 142 1632 nem
176 1575 346 1632 nostrum
375 1556 422 1629 ab
450 1554 584 1628 altera⁶
609 1558 776 1629 relictum
803 1559 928 1633 audid-
949 1563 1017 1634 Sed
1049 1590 1134 1638 eum

78 1669 162 1744 video
181 1673 219 1742 in
236 1685 423 1768 sumptum
438 1669 483 1741 ab
503 1668 581 1740 aliis
594 1684 813 1741 mutuatum.
832 1677 909 1770 Ego
925 1691 1046 1747 autem
1066 1682 1138 1750 Cu·

78 1780 150 1852 rium
169 1797 356 1867 nostrum,
375 1777 508 1876 siquid
525 1802 620 1876 opus
640 1794 751 1867 esset,
770 1805 945 1877 rogarem.
965 1785 1062 1856 Maio
1079 1793 1136 1859 Ti·

77 1894 157 1962 ronis
172 1888 429 1963 verecundiam
442 1891 481 1959 in
497 1887 605 1986 culpa
618 1913 717 1978 esse,
735 1914 845 1987 quarn
855 1891 1135 1971 illiberalitatem

77 2001 194 2073 euriiv.

100 2184 120 2218 π.
134 2168 258 2216 Miseram.
268 2171 379 2216 Forum
392 2183 437 2232 per
450 2166 567 2217 Pollicem
612 2169 750 2218 inciendum
762 2170 912 2220 decrevisse:
924 2174 967 2238 qui
978 2192 1062 2225 sensus
1072 2176 1132 2227 mihi

73 2251 217 2298 mmihi.
613 2247 882 2315 veldeprobnthrdin.

96 2326 571 2393 3.Verbnhm,·8psm...hereule·,
655 2330 680 2397 5Τ
701 2330 758 2377 Non
781 2346 833 2381 em
856 2347 963 2396 equum.
982 2337 1059 2383 Jonas
1075 2347 1131 2387 est:

70 2407 140 2455 mutila
152 2423 209 2456 une
220 2416 372 2471 etcorrupta
383 2417 449 2465 sum.
461 2407 572 2470 Nequid·
617 2411 687 2472 quui
706 2410 779 2457 fuerit
799 2409 848 2459 hoo
865 2411 891 2457 in
912 2411 980 2459 Pilia
998 2429 1084 2472 menn,
1103 2427 1133 2464 ut

69 2499 129 2548 qum
141 2503 168 2534 se
181 2497 298 2550 torquent
311 2487 358 2532 viri
372 2484 448 2535 docti.
462 2487 522 2534 LV.
540 2489 569 2535 L.
616 2498 757 2551 quamnam
768 2490 821 2552 ipss
834 2490 917 2553 pbsset
926 2490 1042 2552 sbjiceoe.
1057 2494 1131 2543 Mu.

95 2575 116 2623 4.
129 2567 181 2614 Nec
191 2564 310 2628 tegentia.
324 2567 405 2613 Locus
419 2564 460 2612 hic
475 2565 570 2614 misen·
650 2567 1042 2632 6.11um.sni1.qmmm.no.

67 2643 146 2706 bilitas,
159 2644 241 2708 inquit
249 2644 391 2704 Victorius,
410 2645 475 2693 lecet
492 2656 517 2692 et
531 2644 570 2692 di·
653 2645 876 2707 7.d!alo...Curii.
886 2647 962 2710 Quod
968 2648 1028 2696 Tiro
1037 2649 1068 2697 nb
1078 2650 1132 2699 aliis

66 2725 138 2772 enisus
148 2734 193 2771 est
202 2722 273 2772 Velle
290 2740 323 2771 ex
336 2724 486 2784 conjecturis
501 2723 571 2771 iilum
614 2735 740 2771 mutuatus
755 2736 806 2780 esu
828 2725 928 2772 fortasse
945 2727 998 2787 ejus
1012 2745 1129 2778 verecun-

66 2805 193 2859 mmm,
209 2818 275 2850 nen
290 2813 339 2861 est,
359 2803 460 2851 Graevio
472 2802 570 2864 judice,
615 2802 655 2849 din
669 2801 775 2863 accidit,
790 2811 819 2849 nt
832 2803 932 2850 (isdum
946 2806 1068 2869 appellere
1081 2822 1129 2856 no·

64 2883 166 2932 nitida.
181 2886 259 2932 om.
274 2909 310 2920 --
324 2883 342 2930 J
345 2916 351 2929 .
360 2885 393 2930 V.
407 2875 434 2930 1',.
445 2881 504 2928 hine
518 2892 571 2929 tm·
614 2880 704 2929 luerit:
724 2891 789 2927 eene
799 2881 826 2928 id
837 2882 928 2943 malim,
942 2900 1014 2946 quem
1028 2886 1129 2935 Curium

65 2974 107 3011 ιω
119 2964 187 3013 dicit
201 2977 209 3012 :
221 2977 276 3033 neu
284 2977 324 3009 me
335 2961 403 3025 piget
416 2959 478 3008 nihil
491 2959 572 3008 nehus
615 2960 740 3026 eipetenti
751 2974 860 3023 negasse.
875 2961 923 3010 En.

64 3134 1121 3165 mmmmmmmmmmmmmmm

378 3311 676 3393 EPISTOLA
707 3311 808 3392 VII.

64 3479 181 3535 vetetur
201 3496 240 3534 ne
257 3474 414 3552 Pompeius
430 3472 591 3532 Domitium
610 3469 739 3543 deserat,
763 3472 882 3551 ejusque
900 3475 1083 3538 timiditatem
1094 3493 1125 3540 et

98 3574 229 3632 inertiam
255 3570 397 3650 deplorat.
427 3568 474 3648 (In
501 3569 676 3642 Formiano,
699 3588 776 3626 anno
800 3574 837 3630 U.
862 3575 893 3629 C.
920 3581 995 3645 704,
1031 3595 1129 3635 mense

98 3667 270 3747 februario.)

395 3783 552 3849 CICERO
574 3784 731 3849 A'ITICO
753 3784 786 3850 S.

107 3916 219 3983 Um
240 3911 348 3981 etiam
367 3921 479 3978 restat
495 3911 611 3980 amico
630 3924 755 3980 nostro
768 3909 813 3981 ad
825 3935 934 3982 omne
951 3913 1128 4007 dedecus,

68 4032 104 4088 ut
122 4022 283 4092 Domitio
304 4042 380 4088 non
402 4016 605 4092 subveniat.
634 4027 681 4092 At
710 4045 819 4092 nemo
846 4020 1010 4109 dubitat,
1044 4033 1134 4124 quin

177 4148 237 4218 111.
272 4163 321 4214 cic.
330 4180 391 4232 pars
407 4173 503 4233 quarta.
994 4178 1014 4222 2
