<?xml version="1.0" encoding="UTF-8"?>
<!DOCTYPE html PUBLIC "-//W3C//DTD XHTML 1.0 Transitional//EN"
    "http://www.w3.org/TR/xhtml1/DTD/xhtml1-transitional.dtd">
<html xmlns="http://www.w3.org/1999/xhtml" xml:lang="en" lang="en">
 <head>
  <title>
</title>
<meta http-equiv="Content-Type" content="text/html;charset=utf-8" />
  <meta name='ocr-system' content='tesseract 3.04.00' />
  <meta name='ocr-capabilities' content='ocr_page ocr_carea ocr_par ocr_line ocrx_word'/>
</head>
<body>
  <div class='ocr_page' id='page_1' title='image "bibliothecaclas14lemagoog_0053.png"; bbox 0 0 2686 4822; ppageno 0'>
   <div class='ocr_carea' id='block_1_1' title="bbox 279 372 1027 447">
    <p class='ocr_par' dir='ltr' id='par_1_1' title="bbox 279 372 1027 447">
     <span class='ocr_line' id='line_1_1' title="bbox 279 372 1027 447; baseline -0.001 -2"><span class='ocrx_word' id='word_1_1' title='bbox 279 372 325 447; x_wconf 80' lang='lat'><strong>38</strong></span> <span class='ocrx_word' id='word_1_2' title='bbox 560 372 563 380; x_wconf 86' lang='grc'><strong>’</strong></span> <span class='ocrx_word' id='word_1_3' title='bbox 604 376 653 443; x_wconf 89' lang='grc' dir='ltr'><strong>Μ.</strong></span> <span class='ocrx_word' id='word_1_4' title='bbox 678 375 717 443; x_wconf 94' lang='grc' dir='ltr'><strong>Τ.</strong></span> <span class='ocrx_word' id='word_1_5' title='bbox 744 375 1027 445; x_wconf 85' lang='lat' dir='ltr'><strong>CICERONIS</strong></span> 
     </span>
    </p>
   </div>
   <div class='ocr_carea' id='block_1_2' title="bbox 248 493 1242 2989">
    <p class='ocr_par' dir='ltr' id='par_1_2' title="bbox 248 493 1242 2026">
     <span class='ocr_line' id='line_1_2' title="bbox 281 493 1229 595; baseline 0.001 -28"><span class='ocrx_word' id='word_1_6' title='bbox 281 520 394 595; x_wconf 86' lang='lat' dir='ltr'><strong>quam</strong></span> <span class='ocrx_word' id='word_1_7' title='bbox 417 519 447 591; x_wconf 71' lang='lat' dir='ltr'><strong>a¹</strong></span> <span class='ocrx_word' id='word_1_8' title='bbox 467 518 525 583; x_wconf 72' lang='lat' dir='ltr'><strong>ee,</strong></span> <span class='ocrx_word' id='word_1_9' title='bbox 547 493 594 566; x_wconf 87' lang='lat' dir='ltr'><strong>de</strong></span> <span class='ocrx_word' id='word_1_10' title='bbox 617 493 808 593; x_wconf 79' lang='lat' dir='ltr'>republica</span> <span class='ocrx_word' id='word_1_11' title='bbox 835 520 895 567; x_wconf 91' lang='lat' dir='ltr'><strong>me</strong></span> <span class='ocrx_word' id='word_1_12' title='bbox 919 497 1111 567; x_wconf 82' lang='lat' dir='ltr'><strong>certiorem</strong></span> <span class='ocrx_word' id='word_1_13' title='bbox 1136 496 1229 569; x_wconf 88' lang='lat' dir='ltr'><strong>fieri.</strong></span> 
     </span>
     <span class='ocr_line' id='line_1_3' title="bbox 280 604 1242 706; baseline -0.002 -27"><span class='ocrx_word' id='word_1_14' title='bbox 280 606 432 703; x_wconf 85' lang='lat' dir='ltr'><strong>disjecta</strong></span> <span class='ocrx_word' id='word_1_15' title='bbox 449 629 579 693; x_wconf 87' lang='lat' dir='ltr'><strong>manu,</strong></span> <span class='ocrx_word' id='word_1_16' title='bbox 598 630 705 704; x_wconf 83' lang='lat' dir='ltr'><strong>pares</strong></span> <span class='ocrx_word' id='word_1_17' title='bbox 729 604 938 678; x_wconf 84' lang='lat' dir='ltr'><strong>adversariis</strong></span> <span class='ocrx_word' id='word_1_18' title='bbox 956 631 1034 678; x_wconf 91' lang='lat' dir='ltr'><strong>esse</strong></span> <span class='ocrx_word' id='word_1_19' title='bbox 1052 632 1127 678; x_wconf 93' lang='lat' dir='ltr'><strong>non</strong></span> <span class='ocrx_word' id='word_1_20' title='bbox 1149 633 1242 706; x_wconf 71' lang='lat' dir='ltr'><strong>possi</strong></span> 
     </span>
     <span class='ocr_line' id='line_1_4' title="bbox 278 717 1241 816; baseline 0.002 -29"><span class='ocrx_word' id='word_1_21' title='bbox 278 717 515 815; x_wconf 65' lang='lat' dir='ltr'><strong>Conjunctis¹</strong></span> <span class='ocrx_word' id='word_1_22' title='bbox 540 717 677 788; x_wconf 91' lang='lat' dir='ltr'><strong>nostris</strong></span> <span class='ocrx_word' id='word_1_23' title='bbox 698 719 834 814; x_wconf 86' lang='lat' dir='ltr'>copiis,</span> <span class='ocrx_word' id='word_1_24' title='bbox 856 742 964 816; x_wconf 87' lang='lat' dir='ltr'><strong>spero</strong></span> <span class='ocrx_word' id='word_1_25' title='bbox 986 742 1053 788; x_wconf 91' lang='lat' dir='ltr'><strong>nos</strong></span> <span class='ocrx_word' id='word_1_26' title='bbox 1074 734 1110 788; x_wconf 94' lang='lat' dir='ltr'><strong>et</strong></span> <span class='ocrx_word' id='word_1_27' title='bbox 1129 719 1241 816; x_wconf 89' lang='lat' dir='ltr'><strong>reipul</strong></span> 
     </span>
     <span class='ocr_line' id='line_1_5' title="bbox 279 825 1241 925; baseline 0.002 -27"><span class='ocrx_word' id='word_1_28' title='bbox 279 841 316 898; x_wconf 91' lang='lat' dir='ltr'><strong>et</strong></span> <span class='ocrx_word' id='word_1_29' title='bbox 330 829 517 899; x_wconf 85' lang='lat' dir='ltr'><strong>communi</strong></span> <span class='ocrx_word' id='word_1_30' title='bbox 537 826 642 898; x_wconf 87' lang='lat' dir='ltr'>saluti</span> <span class='ocrx_word' id='word_1_31' title='bbox 662 826 846 923; x_wconf 84' lang='lat' dir='ltr'><strong>prodesse.</strong></span> <span class='ocrx_word' id='word_1_32' title='bbox 865 825 1116 919; x_wconf 84' lang='lat' dir='ltr'><strong>Quamobrem</strong></span> <span class='ocrx_word' id='word_1_33' title='bbox 1131 854 1241 925; x_wconf 87' lang='lat' dir='ltr'><strong>quum</strong></span> 
     </span>
     <span class='ocr_line' id='line_1_6' title="bbox 280 936 1238 1036; baseline 0.002 -28"><span class='ocrx_word' id='word_1_34' title='bbox 280 940 477 1027; x_wconf 87' lang='lat' dir='ltr'>stituisses,</span> <span class='ocrx_word' id='word_1_35' title='bbox 497 953 539 1009; x_wconf 90' lang='lat' dir='ltr'>ut</span> <span class='ocrx_word' id='word_1_36' title='bbox 551 936 734 1009; x_wconf 83' lang='lat' dir='ltr'>Vibullius</span> <span class='ocrx_word' id='word_1_37' title='bbox 753 937 843 1009; x_wconf 91' lang='lat' dir='ltr'>mihi</span> <span class='ocrx_word' id='word_1_38' title='bbox 864 940 1055 1036; x_wconf 82' lang='lat' dir='ltr'><strong>scripserat</strong></span> <span class='ocrx_word' id='word_1_39' title='bbox 1067 964 1099 1010; x_wconf 93' lang='lat' dir='ltr'><strong>a.</strong></span> <span class='ocrx_word' id='word_1_40' title='bbox 1112 939 1150 1010; x_wconf 92' lang='lat' dir='ltr'><strong>d.</strong></span> <span class='ocrx_word' id='word_1_41' title='bbox 1167 938 1238 1010; x_wconf 87' lang='lat' dir='ltr'><strong>vid</strong></span> 
     </span>
     <span class='ocr_line' id='line_1_7' title="bbox 280 1045 1241 1147; baseline -0.003 -26"><span class='ocrx_word' id='word_1_42' title='bbox 280 1047 445 1121; x_wconf 86' lang='lat' dir='ltr'><strong>Corfinio</strong></span> <span class='ocrx_word' id='word_1_43' title='bbox 471 1045 653 1147; x_wconf 88' lang='lat' dir='ltr'><strong>proficisci</strong></span> <span class='ocrx_word' id='word_1_44' title='bbox 677 1073 761 1119; x_wconf 88' lang='lat' dir='ltr'><strong>cum</strong></span> <span class='ocrx_word' id='word_1_45' title='bbox 787 1049 970 1141; x_wconf 81' lang='lat' dir='ltr'><strong>exercitu,</strong></span> <span class='ocrx_word' id='word_1_46' title='bbox 994 1063 1031 1119; x_wconf 92' lang='lat' dir='ltr'><strong>et</strong></span> <span class='ocrx_word' id='word_1_47' title='bbox 1053 1047 1098 1119; x_wconf 91' lang='lat' dir='ltr'><strong>ad</strong></span> <span class='ocrx_word' id='word_1_48' title='bbox 1125 1074 1183 1120; x_wconf 91' lang='lat' dir='ltr'><strong>me</strong></span> <span class='ocrx_word' id='word_1_49' title='bbox 1210 1075 1241 1120; x_wconf 74' lang='lat' dir='ltr'>vi</span> 
     </span>
     <span class='ocr_line' id='line_1_8' title="bbox 278 1156 1240 1257; baseline 0.002 -28"><span class='ocrx_word' id='word_1_50' title='bbox 278 1161 393 1230; x_wconf 89' lang='lat' dir='ltr'><strong>miror</strong></span> <span class='ocrx_word' id='word_1_51' title='bbox 416 1159 504 1257; x_wconf 94' lang='lat' dir='ltr'>quid</span> <span class='ocrx_word' id='word_1_52' title='bbox 536 1182 650 1231; x_wconf 85' lang='lat' dir='ltr'><strong>oausae</strong></span> <span class='ocrx_word' id='word_1_53' title='bbox 675 1156 810 1244; x_wconf 84' lang='lat' dir='ltr'><strong>fuerit,</strong></span> <span class='ocrx_word' id='word_1_54' title='bbox 838 1183 953 1256; x_wconf 90' lang='lat' dir='ltr'><strong>quare</strong></span> <span class='ocrx_word' id='word_1_55' title='bbox 980 1159 1171 1232; x_wconf 91' lang='lat' dir='ltr'><strong>consilium</strong></span> <span class='ocrx_word' id='word_1_56' title='bbox 1192 1184 1240 1231; x_wconf 83' lang='lat' dir='ltr'><strong>mr</strong></span> 
     </span>
     <span class='ocr_line' id='line_1_9' title="bbox 248 1267 1240 1366; baseline -0.005 -24"><span class='ocrx_word' id='word_1_57' title='bbox 248 1349 254 1360; x_wconf 58' lang='lat'>‚</span> <span class='ocrx_word' id='word_1_58' title='bbox 276 1272 367 1342; x_wconf 85' lang='lat' dir='ltr'><strong>Nam</strong></span> <span class='ocrx_word' id='word_1_59' title='bbox 383 1269 442 1339; x_wconf 90' lang='lat' dir='ltr'>illa</span> <span class='ocrx_word' id='word_1_60' title='bbox 456 1292 583 1354; x_wconf 84' lang='lat' dir='ltr'><strong>cansa,</strong></span> <span class='ocrx_word' id='word_1_61' title='bbox 601 1292 712 1366; x_wconf 90' lang='lat' dir='ltr'><strong>quam</strong></span> <span class='ocrx_word' id='word_1_62' title='bbox 727 1268 820 1338; x_wconf 91' lang='lat' dir='ltr'><strong>mihi</strong></span> <span class='ocrx_word' id='word_1_63' title='bbox 834 1267 1019 1339; x_wconf 87' lang='lat' dir='ltr'>Vibullius</span> <span class='ocrx_word' id='word_1_64' title='bbox 1033 1268 1178 1355; x_wconf 82' lang='lat' dir='ltr'><strong>scribit,</strong></span> <span class='ocrx_word' id='word_1_65' title='bbox 1190 1269 1240 1340; x_wconf 73' lang='lat' dir='ltr'><strong>lei</strong></span> 
     </span>
     <span class='ocr_line' id='line_1_10' title="bbox 278 1376 1239 1474; baseline 0.003 -27"><span class='ocrx_word' id='word_1_66' title='bbox 278 1390 315 1447; x_wconf 94' lang='lat' dir='ltr'><strong>te</strong></span> <span class='ocrx_word' id='word_1_67' title='bbox 329 1392 523 1474; x_wconf 87' lang='lat' dir='ltr'><strong>propterea</strong></span> <span class='ocrx_word' id='word_1_68' title='bbox 542 1392 724 1447; x_wconf 91' lang='lat' dir='ltr'><strong>moratum</strong></span> <span class='ocrx_word' id='word_1_69' title='bbox 747 1400 845 1465; x_wconf 88' lang='lat' dir='ltr'><strong>esse,</strong></span> <span class='ocrx_word' id='word_1_70' title='bbox 867 1376 968 1474; x_wconf 93' lang='lat' dir='ltr'><strong>quod</strong></span> <span class='ocrx_word' id='word_1_71' title='bbox 983 1377 1160 1468; x_wconf 90' lang='lat' dir='ltr'><strong>audieris,</strong></span> <span class='ocrx_word' id='word_1_72' title='bbox 1180 1384 1239 1450; x_wconf 86' lang='lat' dir='ltr'><strong>Cae</strong></span> 
     </span>
     <span class='ocr_line' id='line_1_11' title="bbox 280 1485 1240 1585; baseline 0.005 -29"><span class='ocrx_word' id='word_1_73' title='bbox 280 1487 425 1558; x_wconf 85' lang='lat' dir='ltr'><strong>Firmo²</strong></span> <span class='ocrx_word' id='word_1_74' title='bbox 444 1511 674 1585; x_wconf 86' lang='lat' dir='ltr'><strong>progressum</strong></span> <span class='ocrx_word' id='word_1_75' title='bbox 692 1488 730 1557; x_wconf 91' lang='lat' dir='ltr'><strong>in</strong></span> <span class='ocrx_word' id='word_1_76' title='bbox 746 1501 906 1558; x_wconf 81' lang='lat' dir='ltr'><strong>castrum</strong></span> <span class='ocrx_word' id='word_1_77' title='bbox 923 1485 1187 1559; x_wconf 75' lang='lat' dir='ltr'><strong>Truentinum³</strong></span> <span class='ocrx_word' id='word_1_78' title='bbox 1202 1515 1240 1561; x_wconf 79' lang='grc' dir='ltr'><strong>νε</strong></span> 
     </span>
     <span class='ocr_line' id='line_1_12' title="bbox 280 1596 1240 1696; baseline 0.001 -29"><span class='ocrx_word' id='word_1_79' title='bbox 280 1598 429 1686; x_wconf 84' lang='lat' dir='ltr'><strong>Quanto</strong></span> <span class='ocrx_word' id='word_1_80' title='bbox 442 1599 541 1669; x_wconf 90' lang='lat' dir='ltr'><strong>enim</strong></span> <span class='ocrx_word' id='word_1_81' title='bbox 556 1600 670 1696; x_wconf 82' lang='lat' dir='ltr'><strong>magis</strong></span> <span class='ocrx_word' id='word_1_82' title='bbox 687 1602 983 1696; x_wconf 86' lang='lat' dir='ltr'><strong>appropinquare</strong></span> <span class='ocrx_word' id='word_1_83' title='bbox 997 1596 1240 1670; x_wconf 69' lang='lat' dir='ltr'><strong>adversarius·</strong></span> 
     </span>
     <span class='ocr_line' id='line_1_13' title="bbox 281 1705 1239 1806; baseline 0.004 -29"><span class='ocrx_word' id='word_1_84' title='bbox 281 1729 326 1777; x_wconf 92' lang='lat' dir='ltr'><strong>eo</strong></span> <span class='ocrx_word' id='word_1_85' title='bbox 345 1705 411 1777; x_wconf 95' lang='lat' dir='ltr'>tibi</span> <span class='ocrx_word' id='word_1_86' title='bbox 434 1709 586 1780; x_wconf 85' lang='lat' dir='ltr'><strong>celerius</strong></span> <span class='ocrx_word' id='word_1_87' title='bbox 604 1708 787 1806; x_wconf 83' lang='lat' dir='ltr'><strong>agendum</strong></span> <span class='ocrx_word' id='word_1_88' title='bbox 804 1723 902 1797; x_wconf 88' lang='lat' dir='ltr'><strong>erat,</strong></span> <span class='ocrx_word' id='word_1_89' title='bbox 924 1723 966 1779; x_wconf 91' lang='lat' dir='ltr'>ut</span> <span class='ocrx_word' id='word_1_90' title='bbox 982 1723 1017 1780; x_wconf 92' lang='lat' dir='ltr'><strong>te</strong></span> <span class='ocrx_word' id='word_1_91' title='bbox 1033 1733 1179 1780; x_wconf 88' lang='lat' dir='ltr'><strong>mecum</strong></span> <span class='ocrx_word' id='word_1_92' title='bbox 1201 1734 1239 1781; x_wconf 88' lang='lat' dir='ltr'><strong>cc</strong></span> 
     </span>
     <span class='ocr_line' id='line_1_14' title="bbox 281 1819 1239 1916; baseline 0 -27"><span class='ocrx_word' id='word_1_93' title='bbox 281 1841 404 1916; x_wconf 83' lang='lat' dir='ltr'><strong>geres,</strong></span> <span class='ocrx_word' id='word_1_94' title='bbox 423 1821 635 1916; x_wconf 80' lang='lat' dir='ltr'>priusquam</span> <span class='ocrx_word' id='word_1_95' title='bbox 655 1822 772 1890; x_wconf 84' lang='lat' dir='ltr'><strong>Caesar</strong></span> <span class='ocrx_word' id='word_1_96' title='bbox 790 1833 853 1889; x_wconf 90' lang='lat' dir='ltr'><strong>aut</strong></span> <span class='ocrx_word' id='word_1_97' title='bbox 871 1833 976 1889; x_wconf 91' lang='lat' dir='ltr'><strong>tuum</strong></span> <span class='ocrx_word' id='word_1_98' title='bbox 994 1820 1061 1890; x_wconf 86' lang='lat' dir='ltr'><strong>iter</strong></span> <span class='ocrx_word' id='word_1_99' title='bbox 1079 1819 1239 1916; x_wconf 73' lang='lat' dir='ltr'><strong>impediri</strong></span> 
     </span>
     <span class='ocr_line' id='line_1_15' title="bbox 281 1926 841 2026; baseline 0.002 -30"><span class='ocrx_word' id='word_1_100' title='bbox 281 1950 341 1998; x_wconf 86' lang='lat' dir='ltr'><strong>me</strong></span> <span class='ocrx_word' id='word_1_101' title='bbox 359 1926 424 1999; x_wconf 90' lang='lat' dir='ltr'><strong>abs</strong></span> <span class='ocrx_word' id='word_1_102' title='bbox 443 1942 479 1999; x_wconf 88' lang='lat' dir='ltr'><strong>te</strong></span> <span class='ocrx_word' id='word_1_103' title='bbox 497 1926 692 1999; x_wconf 77' lang='lat' dir='ltr'><strong>excludere</strong></span> <span class='ocrx_word' id='word_1_104' title='bbox 712 1941 841 2026; x_wconf 87' lang='lat' dir='ltr'><strong>posset.</strong></span> 
     </span>
    </p>

    <p class='ocr_par' dir='ltr' id='par_1_3' title="bbox 279 2037 1240 2989">
     <span class='ocr_line' id='line_1_16' title="bbox 331 2037 1240 2136; baseline -0.001 -26"><span class='ocrx_word' id='word_1_105' title='bbox 331 2037 580 2127; x_wconf 87' lang='lat' dir='ltr'><strong>Quamobrem</strong></span> <span class='ocrx_word' id='word_1_106' title='bbox 604 2040 712 2110; x_wconf 90' lang='lat' dir='ltr'><strong>etiam</strong></span> <span class='ocrx_word' id='word_1_107' title='bbox 735 2053 845 2136; x_wconf 91' lang='lat' dir='ltr'><strong>atque</strong></span> <span class='ocrx_word' id='word_1_108' title='bbox 868 2040 974 2109; x_wconf 87' lang='lat' dir='ltr'><strong>etiam</strong></span> <span class='ocrx_word' id='word_1_109' title='bbox 995 2052 1031 2109; x_wconf 94' lang='lat' dir='ltr'><strong>te</strong></span> <span class='ocrx_word' id='word_1_110' title='bbox 1049 2063 1141 2135; x_wconf 86' lang='lat' dir='ltr'><strong>rogo</strong></span> <span class='ocrx_word' id='word_1_111' title='bbox 1161 2038 1240 2110; x_wconf 90' lang='lat' dir='ltr'><strong>eth</strong></span> 
     </span>
     <span class='ocr_line' id='line_1_17' title="bbox 280 2145 1238 2246; baseline 0.004 -30"><span class='ocrx_word' id='word_1_112' title='bbox 280 2145 317 2216; x_wconf 93' lang='lat' dir='ltr'><strong>id</strong></span> <span class='ocrx_word' id='word_1_113' title='bbox 339 2148 440 2244; x_wconf 90' lang='lat' dir='ltr'><strong>quod</strong></span> <span class='ocrx_word' id='word_1_114' title='bbox 462 2174 538 2219; x_wconf 89' lang='lat' dir='ltr'><strong>non</strong></span> <span class='ocrx_word' id='word_1_115' title='bbox 557 2149 678 2221; x_wconf 81' lang='lat' dir='ltr'>destiti</span> <span class='ocrx_word' id='word_1_116' title='bbox 705 2146 954 2246; x_wconf 90' lang='lat' dir='ltr'><strong>superioribus</strong></span> <span class='ocrx_word' id='word_1_117' title='bbox 980 2148 1090 2218; x_wconf 92' lang='lat' dir='ltr'><strong>literis</strong></span> <span class='ocrx_word' id='word_1_118' title='bbox 1112 2174 1132 2219; x_wconf 93' lang='lat' dir='ltr'><strong>a</strong></span> <span class='ocrx_word' id='word_1_119' title='bbox 1155 2164 1192 2220; x_wconf 88' lang='lat' dir='ltr'><strong>te</strong></span> <span class='ocrx_word' id='word_1_120' title='bbox 1210 2173 1238 2246; x_wconf 73' lang='lat' dir='ltr'><strong>p=</strong></span> 
     </span>
     <span class='ocr_line' id='line_1_18' title="bbox 279 2257 1239 2357; baseline 0.003 -29"><span class='ocrx_word' id='word_1_121' title='bbox 279 2271 323 2328; x_wconf 93' lang='lat' dir='ltr'>ut</span> <span class='ocrx_word' id='word_1_122' title='bbox 340 2261 460 2354; x_wconf 91' lang='lat' dir='ltr'><strong>primo</strong></span> <span class='ocrx_word' id='word_1_123' title='bbox 481 2283 633 2357; x_wconf 92' lang='lat' dir='ltr'><strong>quoque</strong></span> <span class='ocrx_word' id='word_1_124' title='bbox 657 2259 715 2331; x_wconf 93' lang='lat' dir='ltr'><strong>die</strong></span> <span class='ocrx_word' id='word_1_125' title='bbox 732 2262 921 2331; x_wconf 84' lang='lat' dir='ltr'><strong>Luceriam</strong></span> <span class='ocrx_word' id='word_1_126' title='bbox 938 2257 1143 2347; x_wconf 75' lang='lat' dir='ltr'><strong>advenias⁴‚</strong></span> <span class='ocrx_word' id='word_1_127' title='bbox 1163 2275 1239 2331; x_wconf 77' lang='lat' dir='ltr'><strong>ante</strong></span> 
     </span>
     <span class='ocr_line' id='line_1_19' title="bbox 281 2367 1238 2467; baseline 0.001 -29"><span class='ocrx_word' id='word_1_128' title='bbox 281 2369 416 2466; x_wconf 68' lang='lat' dir='ltr'><strong>copiae,</strong></span> <span class='ocrx_word' id='word_1_129' title='bbox 436 2394 525 2467; x_wconf 89' lang='lat' dir='ltr'><strong>quas</strong></span> <span class='ocrx_word' id='word_1_130' title='bbox 543 2372 700 2443; x_wconf 87' lang='lat' dir='ltr'>instituit</span> <span class='ocrx_word' id='word_1_131' title='bbox 718 2372 835 2441; x_wconf 84' lang='lat' dir='ltr'><strong>Caesar</strong></span> <span class='ocrx_word' id='word_1_132' title='bbox 853 2367 1086 2455; x_wconf 85' lang='lat' dir='ltr'><strong>contrahere,</strong></span> <span class='ocrx_word' id='word_1_133' title='bbox 1108 2368 1148 2438; x_wconf 93' lang='lat' dir='ltr'><strong>in</strong></span> <span class='ocrx_word' id='word_1_134' title='bbox 1167 2394 1238 2439; x_wconf 90' lang='lat' dir='ltr'>unu</span> 
     </span>
     <span class='ocr_line' id='line_1_20' title="bbox 280 2469 1235 2553; baseline 0.003 -6"><span class='ocrx_word' id='word_1_135' title='bbox 280 2501 366 2549; x_wconf 91' lang='lat' dir='ltr'><strong>cum</strong></span> <span class='ocrx_word' id='word_1_136' title='bbox 386 2497 518 2551; x_wconf 89' lang='lat' dir='ltr'><strong>coactae</strong></span> <span class='ocrx_word' id='word_1_137' title='bbox 535 2506 602 2553; x_wconf 91' lang='lat' dir='ltr'><strong>nos</strong></span> <span class='ocrx_word' id='word_1_138' title='bbox 618 2504 638 2551; x_wconf 88' lang='lat' dir='ltr'><strong>a</strong></span> <span class='ocrx_word' id='word_1_139' title='bbox 658 2469 766 2552; x_wconf 83' lang='lat' dir='ltr'><strong>nobis</strong></span> <span class='ocrx_word' id='word_1_140' title='bbox 780 2478 992 2551; x_wconf 86' lang='lat' dir='ltr'><strong>distrahant.</strong></span> <span class='ocrx_word' id='word_1_141' title='bbox 1011 2477 1079 2549; x_wconf 88' lang='lat' dir='ltr'><strong>Sed</strong></span> <span class='ocrx_word' id='word_1_142' title='bbox 1097 2481 1126 2549; x_wconf 90' lang='lat' dir='ltr'>si</span> <span class='ocrx_word' id='word_1_143' title='bbox 1144 2503 1235 2550; x_wconf 86' lang='lat' dir='ltr'><strong>erun</strong></span> 
     </span>
     <span class='ocr_line' id='line_1_21' title="bbox 283 2587 1238 2686; baseline 0 -30"><span class='ocrx_word' id='word_1_144' title='bbox 283 2601 319 2657; x_wconf 87' lang='lat' dir='ltr'><strong>te</strong></span> <span class='ocrx_word' id='word_1_145' title='bbox 332 2588 533 2686; x_wconf 90' lang='lat' dir='ltr'><strong>impediant</strong></span> <span class='ocrx_word' id='word_1_146' title='bbox 543 2587 570 2677; x_wconf 84' lang='lat'><strong>⁵,</strong></span> <span class='ocrx_word' id='word_1_147' title='bbox 589 2605 632 2660; x_wconf 91' lang='lat' dir='ltr'>ut</span> <span class='ocrx_word' id='word_1_148' title='bbox 648 2587 772 2660; x_wconf 81' lang='lat' dir='ltr'>villas⁶</span> <span class='ocrx_word' id='word_1_149' title='bbox 788 2614 871 2660; x_wconf 91' lang='lat' dir='ltr'>suas</span> <span class='ocrx_word' id='word_1_150' title='bbox 889 2603 1054 2673; x_wconf 88' lang='lat' dir='ltr'><strong>servent,</strong></span> <span class='ocrx_word' id='word_1_151' title='bbox 1071 2613 1215 2685; x_wconf 86' lang='lat' dir='ltr'>aequurn</span> <span class='ocrx_word' id='word_1_152' title='bbox 1231 2617 1238 2656; x_wconf 74' lang='lat' dir='ltr'>i</span> 
     </span>
     <span class='ocr_line' id='line_1_22' title="bbox 283 2698 1237 2796; baseline 0.002 -30"><span class='ocrx_word' id='word_1_153' title='bbox 283 2721 302 2765; x_wconf 90' lang='lat' dir='ltr'><strong>a</strong></span> <span class='ocrx_word' id='word_1_154' title='bbox 322 2710 358 2767; x_wconf 90' lang='lat' dir='ltr'><strong>te</strong></span> <span class='ocrx_word' id='word_1_155' title='bbox 378 2699 588 2796; x_wconf 89' lang='lat' dir='ltr'><strong>impetrare,</strong></span> <span class='ocrx_word' id='word_1_156' title='bbox 608 2713 650 2768; x_wconf 91' lang='lat' dir='ltr'>ut</span> <span class='ocrx_word' id='word_1_157' title='bbox 668 2698 858 2783; x_wconf 86' lang='lat' dir='ltr'><strong>cohortes,</strong></span> <span class='ocrx_word' id='word_1_158' title='bbox 879 2723 959 2794; x_wconf 86' lang='lat' dir='ltr'>quae</span> <span class='ocrx_word' id='word_1_159' title='bbox 973 2723 1017 2769; x_wconf 85' lang='lat' dir='ltr'><strong>ex</strong></span> <span class='ocrx_word' id='word_1_160' title='bbox 1036 2701 1167 2768; x_wconf 86' lang='lat' dir='ltr'><strong>Piceno</strong></span> <span class='ocrx_word' id='word_1_161' title='bbox 1184 2713 1237 2768; x_wconf 78' lang='lat' dir='ltr'><strong>et¹</strong></span> 
     </span>
     <span class='ocr_line' id='line_1_23' title="bbox 281 2804 1237 2905; baseline 0.004 -30"><span class='ocrx_word' id='word_1_162' title='bbox 281 2807 389 2876; x_wconf 84' lang='lat' dir='ltr'><strong>rino⁷</strong></span> <span class='ocrx_word' id='word_1_163' title='bbox 417 2822 619 2894; x_wconf 83' lang='lat' dir='ltr'><strong>venerunt,</strong></span> <span class='ocrx_word' id='word_1_164' title='bbox 640 2831 722 2904; x_wconf 69' lang='lat' dir='ltr'><strong>quae</strong></span> <span class='ocrx_word' id='word_1_165' title='bbox 742 2804 907 2877; x_wconf 87' lang='lat' dir='ltr'><strong>fortunas</strong></span> <span class='ocrx_word' id='word_1_166' title='bbox 932 2831 1013 2879; x_wconf 91' lang='lat' dir='ltr'>suas</span> <span class='ocrx_word' id='word_1_167' title='bbox 1037 2807 1237 2905; x_wconf 84' lang='lat' dir='ltr'><strong>reliquerur</strong></span> 
     </span>
     <span class='ocr_line' id='line_1_24' title="bbox 282 2914 759 2989; baseline 0.013 -4"><span class='ocrx_word' id='word_1_168' title='bbox 282 2939 341 2988; x_wconf 90' lang='lat' dir='ltr'><strong>me</strong></span> <span class='ocrx_word' id='word_1_169' title='bbox 363 2917 511 2988; x_wconf 90' lang='lat' dir='ltr'><strong>missum</strong></span> <span class='ocrx_word' id='word_1_170' title='bbox 532 2914 652 2989; x_wconf 79' lang='lat' dir='ltr'><strong>facias.</strong></span> <span class='ocrx_word' id='word_1_171' title='bbox 755 2937 759 2943; x_wconf 86' lang='lat'>&#39;</span> 
     </span>
    </p>
   </div>
   <div class='ocr_carea' id='block_1_3' title="bbox 277 3108 1237 3961">
    <p class='ocr_par' dir='ltr' id='par_1_4' title="bbox 319 3108 1236 3180">
     <span class='ocr_line' id='line_1_25' title="bbox 319 3108 1236 3180; baseline 0.009 -23"><span class='ocrx_word' id='word_1_172' title='bbox 319 3124 342 3158; x_wconf 85' lang='lat' dir='ltr'><strong>r.</strong></span> <span class='ocrx_word' id='word_1_173' title='bbox 354 3108 418 3167; x_wconf 75' lang='lat' dir='ltr'><strong>Atti,</strong></span> <span class='ocrx_word' id='word_1_174' title='bbox 430 3110 569 3158; x_wconf 63' lang='lat' dir='ltr'><strong>concutis.</strong></span> <span class='ocrx_word' id='word_1_175' title='bbox 581 3112 606 3161; x_wconf 86' lang='lat' dir='ltr'><strong>J.</strong></span> <span class='ocrx_word' id='word_1_176' title='bbox 616 3115 648 3159; x_wconf 87' lang='lat' dir='ltr'><strong>V.</strong></span> <span class='ocrx_word' id='word_1_177' title='bbox 661 3114 689 3160; x_wconf 89' lang='lat' dir='ltr'><strong>L.</strong></span> <span class='ocrx_word' id='word_1_178' title='bbox 876 3117 903 3163; x_wconf 81' lang='lat'><strong>5.</strong></span> <span class='ocrx_word' id='word_1_179' title='bbox 916 3116 965 3178; x_wconf 77' lang='lat' dir='ltr'><strong>Qui</strong></span> <span class='ocrx_word' id='word_1_180' title='bbox 974 3127 997 3163; x_wconf 82' lang='lat' dir='ltr'><strong>te</strong></span> <span class='ocrx_word' id='word_1_181' title='bbox 1008 3117 1154 3180; x_wconf 79' lang='lat' dir='ltr'><strong>impediant.</strong></span> <span class='ocrx_word' id='word_1_182' title='bbox 1165 3117 1236 3165; x_wconf 81' lang='lat' dir='ltr'><strong>Alber</strong></span> 
     </span>
    </p>

    <p class='ocr_par' dir='ltr' id='par_1_5' title="bbox 318 3186 1220 3259">
     <span class='ocr_line' id='line_1_26' title="bbox 318 3186 1220 3259; baseline 0.01 -24"><span class='ocrx_word' id='word_1_183' title='bbox 318 3202 344 3237; x_wconf 67' lang='grc' dir='ltr'><strong>π.</strong></span> <span class='ocrx_word' id='word_1_184' title='bbox 354 3186 445 3236; x_wconf 76' lang='lat' dir='ltr'><strong>Fimo.</strong></span> <span class='ocrx_word' id='word_1_185' title='bbox 457 3188 527 3237; x_wconf 85' lang='lat' dir='ltr'><strong>Urbe</strong></span> <span class='ocrx_word' id='word_1_186' title='bbox 537 3190 563 3238; x_wconf 87' lang='lat' dir='ltr'><strong>in</strong></span> <span class='ocrx_word' id='word_1_187' title='bbox 576 3190 675 3240; x_wconf 80' lang='lat' dir='ltr'><strong>Piceno.</strong></span> <span class='ocrx_word' id='word_1_188' title='bbox 687 3193 733 3240; x_wconf 78' lang='lat' dir='ltr'><strong>En.</strong></span> <span class='ocrx_word' id='word_1_189' title='bbox 841 3205 866 3243; x_wconf 84' lang='lat' dir='ltr'><strong>et</strong></span> <span class='ocrx_word' id='word_1_190' title='bbox 887 3194 982 3259; x_wconf 81' lang='lat' dir='ltr'>Peligni</span> <span class='ocrx_word' id='word_1_191' title='bbox 1002 3195 1089 3254; x_wconf 72' lang='lat' dir='ltr'><strong>duces,</strong></span> <span class='ocrx_word' id='word_1_192' title='bbox 1109 3198 1152 3259; x_wconf 88' lang='lat' dir='ltr'><strong>qui</strong></span> <span class='ocrx_word' id='word_1_193' title='bbox 1165 3213 1220 3243; x_wconf 76' lang='lat' dir='ltr'><strong>rute</strong></span> 
     </span>
    </p>

    <p class='ocr_par' dir='ltr' id='par_1_6' title="bbox 278 3267 1237 3806">
     <span class='ocr_line' id='line_1_27' title="bbox 318 3267 1235 3340; baseline 0.007 -23"><span class='ocrx_word' id='word_1_194' title='bbox 318 3269 345 3317; x_wconf 81' lang='lat'><strong>3.</strong></span> <span class='ocrx_word' id='word_1_195' title='bbox 362 3267 474 3317; x_wconf 72' lang='grc' dir='ltr'><strong>Οωινιιηι</strong></span> <span class='ocrx_word' id='word_1_196' title='bbox 488 3269 653 3320; x_wconf 78' lang='lat' dir='ltr'><strong>Trueruinum.</strong></span> <span class='ocrx_word' id='word_1_197' title='bbox 669 3274 797 3320; x_wconf 63' lang='lat' dir='ltr'><strong>fluentum</strong></span> <span class='ocrx_word' id='word_1_198' title='bbox 842 3289 898 3322; x_wconf 86' lang='lat' dir='ltr'><strong>cum</strong></span> <span class='ocrx_word' id='word_1_199' title='bbox 917 3273 1028 3338; x_wconf 87' lang='lat' dir='ltr'><strong>periculo</strong></span> <span class='ocrx_word' id='word_1_200' title='bbox 1042 3275 1074 3322; x_wconf 83' lang='lat' dir='ltr'><strong>ad</strong></span> <span class='ocrx_word' id='word_1_201' title='bbox 1091 3276 1235 3340; x_wconf 84' lang='lat' dir='ltr'><strong>Pompeium</strong></span> 
     </span>
     <span class='ocr_line' id='line_1_28' title="bbox 280 3346 1237 3412; baseline 0.008 -17"><span class='ocrx_word' id='word_1_202' title='bbox 280 3346 313 3395; x_wconf 78' lang='lat' dir='ltr'><strong>ad</strong></span> <span class='ocrx_word' id='word_1_203' title='bbox 332 3357 406 3412; x_wconf 79' lang='lat' dir='ltr'><strong>ceput</strong></span> <span class='ocrx_word' id='word_1_204' title='bbox 428 3347 535 3396; x_wconf 85' lang='lat' dir='ltr'><strong>fluminis</strong></span> <span class='ocrx_word' id='word_1_205' title='bbox 562 3349 675 3407; x_wconf 72' lang='lat' dir='ltr'><strong>Trecenti,</strong></span> <span class='ocrx_word' id='word_1_206' title='bbox 699 3368 766 3400; x_wconf 90' lang='lat' dir='ltr'><strong>nunc</strong></span> <span class='ocrx_word' id='word_1_207' title='bbox 780 3351 801 3403; x_wconf 82' lang='lat' dir='ltr'>il</span> <span class='ocrx_word' id='word_1_208' title='bbox 842 3352 902 3404; x_wconf 82' lang='lat' dir='ltr'><strong>lent.</strong></span> <span class='ocrx_word' id='word_1_209' title='bbox 915 3354 1093 3402; x_wconf 83' lang='lat' dir='ltr'><strong>Circiterenim</strong></span> <span class='ocrx_word' id='word_1_210' title='bbox 1103 3372 1136 3403; x_wconf 86' lang='lat' dir='ltr'><strong>xv</strong></span> <span class='ocrx_word' id='word_1_211' title='bbox 1149 3356 1237 3403; x_wconf 84' lang='lat' dir='ltr'><strong>cohort</strong></span> 
     </span>
     <span class='ocr_line' id='line_1_29' title="bbox 284 3427 1236 3497; baseline 0.007 -24"><span class='ocrx_word' id='word_1_212' title='bbox 284 3429 372 3475; x_wconf 70' lang='lat' dir='ltr'><strong>fronto</strong></span> <span class='ocrx_word' id='word_1_213' title='bbox 393 3427 501 3487; x_wconf 83' lang='lat' dir='ltr'>dicitur,</span> <span class='ocrx_word' id='word_1_214' title='bbox 524 3429 550 3476; x_wconf 89' lang='lat' dir='ltr'><strong>in</strong></span> <span class='ocrx_word' id='word_1_215' title='bbox 569 3432 667 3479; x_wconf 63' lang='lat' dir='ltr'><strong>Moeno.</strong></span> <span class='ocrx_word' id='word_1_216' title='bbox 685 3429 729 3479; x_wconf 84' lang='lat' dir='ltr'>Sil.</span> <span class='ocrx_word' id='word_1_217' title='bbox 741 3431 796 3480; x_wconf 80' lang='lat' dir='ltr'>uu.</span> <span class='ocrx_word' id='word_1_218' title='bbox 845 3433 1236 3497; x_wconf 51' lang='lat' dir='ltr'><strong>timcoegeratexblbmblcrris.</strong></span> 
     </span>
     <span class='ocr_line' id='line_1_30' title="bbox 280 3503 1236 3577; baseline 0.009 -25"><span class='ocrx_word' id='word_1_219' title='bbox 280 3503 353 3563; x_wconf 77' lang='lat' dir='ltr'><strong>vm,</strong></span> <span class='ocrx_word' id='word_1_220' title='bbox 373 3506 441 3563; x_wconf 70' lang='lat'><strong>4³5:</strong></span> <span class='ocrx_word' id='word_1_221' title='bbox 460 3506 576 3571; x_wconf 75' lang='lat' dir='ltr'><strong>«Quique</strong></span> <span class='ocrx_word' id='word_1_222' title='bbox 587 3509 732 3558; x_wconf 75' lang='lat' dir='ltr'><strong>Truentinas</strong></span> <span class='ocrx_word' id='word_1_223' title='bbox 746 3526 795 3558; x_wconf 83' lang='lat' dir='ltr'><strong>ser·</strong></span> <span class='ocrx_word' id='word_1_224' title='bbox 841 3523 867 3559; x_wconf 89' lang='lat' dir='ltr'><strong>et</strong></span> <span class='ocrx_word' id='word_1_225' title='bbox 878 3510 988 3560; x_wconf 79' lang='lat' dir='ltr'><strong>finitimis</strong></span> <span class='ocrx_word' id='word_1_226' title='bbox 1000 3514 1149 3577; x_wconf 76' lang='lat' dir='ltr'><strong>regionibus.</strong></span> <span class='ocrx_word' id='word_1_227' title='bbox 1164 3515 1236 3562; x_wconf 71' lang='lat' dir='ltr'><strong>Maru</strong></span> 
     </span>
     <span class='ocr_line' id='line_1_31' title="bbox 280 3584 1235 3649; baseline 0.013 -19"><span class='ocrx_word' id='word_1_228' title='bbox 280 3595 339 3632; x_wconf 78' lang='lat' dir='ltr'><strong>vent</strong></span> <span class='ocrx_word' id='word_1_229' title='bbox 355 3601 411 3632; x_wconf 87' lang='lat' dir='ltr'><strong>cum</strong></span> <span class='ocrx_word' id='word_1_230' title='bbox 431 3584 531 3633; x_wconf 86' lang='lat' dir='ltr'><strong>flumine</strong></span> <span class='ocrx_word' id='word_1_231' title='bbox 554 3597 632 3636; x_wconf 78' lang='lat' dir='ltr'><strong>turres</strong></span> <span class='ocrx_word' id='word_1_232' title='bbox 646 3611 667 3636; x_wconf 74' lang='lat' dir='ltr'><strong>n.</strong></span> <span class='ocrx_word' id='word_1_233' title='bbox 685 3591 796 3638; x_wconf 82' lang='lat' dir='ltr'><strong>Vocatur</strong></span> <span class='ocrx_word' id='word_1_234' title='bbox 876 3593 903 3640; x_wconf 82' lang='lat'><strong>6.</strong></span> <span class='ocrx_word' id='word_1_235' title='bbox 920 3592 1003 3641; x_wconf 73' lang='lat' dir='ltr'>Vilius.</span> <span class='ocrx_word' id='word_1_236' title='bbox 1018 3593 1081 3649; x_wconf 83' lang='lat' dir='ltr'>Alii,</span> <span class='ocrx_word' id='word_1_237' title='bbox 1102 3593 1164 3640; x_wconf 83' lang='lat' dir='ltr'>illas.</span> <span class='ocrx_word' id='word_1_238' title='bbox 1185 3611 1235 3642; x_wconf 84' lang='lat'><strong>11(</strong></span> 
     </span>
     <span class='ocr_line' id='line_1_32' title="bbox 280 3662 1235 3732; baseline 0.015 -24"><span class='ocrx_word' id='word_1_239' title='bbox 280 3662 467 3721; x_wconf 67' lang='lat' dir='ltr'><strong>Strabonirro&#39;itc</strong></span> <span class='ocrx_word' id='word_1_240' title='bbox 476 3664 642 3732; x_wconf 75' lang='lat' dir='ltr'>Tpuurtivuv:</span> <span class='ocrx_word' id='word_1_241' title='bbox 651 3667 704 3717; x_wconf 67' lang='lat' dir='ltr'>aliis</span> <span class='ocrx_word' id='word_1_242' title='bbox 713 3680 795 3717; x_wconf 79' lang='lat' dir='ltr'><strong>autem</strong></span> <span class='ocrx_word' id='word_1_243' title='bbox 839 3670 1002 3719; x_wconf 69' lang='lat' dir='ltr'><strong>Coenam-</strong></span> <span class='ocrx_word' id='word_1_244' title='bbox 1011 3674 1111 3721; x_wconf 84' lang='lat' dir='ltr'><strong>Graerio</strong></span> <span class='ocrx_word' id='word_1_245' title='bbox 1129 3674 1207 3721; x_wconf 80' lang='lat' dir='ltr'><strong>visum</strong></span> <span class='ocrx_word' id='word_1_246' title='bbox 1221 3692 1235 3722; x_wconf 88' lang='lat' dir='ltr'><strong>e</strong></span> 
     </span>
     <span class='ocr_line' id='line_1_33' title="bbox 278 3741 1000 3806; baseline 0.014 -19"><span class='ocrx_word' id='word_1_247' title='bbox 278 3741 421 3806; x_wconf 78' lang='lat' dir='ltr'><strong>simpliciter</strong></span> <span class='ocrx_word' id='word_1_248' title='bbox 437 3745 586 3793; x_wconf 82' lang='lat' dir='ltr'><strong>Truentinm.</strong></span> <span class='ocrx_word' id='word_1_249' title='bbox 599 3749 646 3795; x_wconf 82' lang='lat' dir='ltr'><strong>Eu.</strong></span> <span class='ocrx_word' id='word_1_250' title='bbox 842 3750 901 3797; x_wconf 90' lang='lat' dir='ltr'><strong>dnm</strong></span> <span class='ocrx_word' id='word_1_251' title='bbox 914 3749 1000 3798; x_wconf 80' lang='lat' dir='ltr'><strong>villas.</strong></span> 
     </span>
    </p>

    <p class='ocr_par' dir='ltr' id='par_1_7' title="bbox 277 3822 1235 3961">
     <span class='ocr_line' id='line_1_34' title="bbox 316 3822 1235 3890; baseline 0.013 -22"><span class='ocrx_word' id='word_1_252' title='bbox 316 3831 340 3878; x_wconf 67' lang='lat' dir='ltr'><strong>a.</strong></span> <span class='ocrx_word' id='word_1_253' title='bbox 356 3822 490 3873; x_wconf 67' lang='lat' dir='ltr'><strong>Adveniet.</strong></span> <span class='ocrx_word' id='word_1_254' title='bbox 512 3825 562 3873; x_wconf 78' lang='lat' dir='ltr'>Alii</span> <span class='ocrx_word' id='word_1_255' title='bbox 575 3859 582 3883; x_wconf 86' lang='lat'>,</span> <span class='ocrx_word' id='word_1_256' title='bbox 596 3825 712 3890; x_wconf 86' lang='lat' dir='ltr'>equibus</span> <span class='ocrx_word' id='word_1_257' title='bbox 725 3827 791 3874; x_wconf 82' lang='lat' dir='ltr'><strong>otiv.</strong></span> <span class='ocrx_word' id='word_1_258' title='bbox 877 3846 900 3889; x_wconf 82' lang='lat'><strong>7.</strong></span> <span class='ocrx_word' id='word_1_259' title='bbox 909 3830 1047 3878; x_wconf 80' lang='lat' dir='ltr'><strong>Camerino.</strong></span> <span class='ocrx_word' id='word_1_260' title='bbox 1060 3831 1126 3879; x_wconf 86' lang='lat' dir='ltr'><strong>Urbe</strong></span> <span class='ocrx_word' id='word_1_261' title='bbox 1138 3833 1235 3880; x_wconf 86' lang='lat' dir='ltr'><strong>Umbria</strong></span> 
     </span>
     <span class='ocr_line' id='line_1_35' title="bbox 277 3900 1060 3961; baseline 0.015 -15"><span class='ocrx_word' id='word_1_262' title='bbox 277 3900 413 3948; x_wconf 65' lang='lat' dir='ltr'><strong>advenum</strong></span> <span class='ocrx_word' id='word_1_263' title='bbox 428 3904 473 3950; x_wconf 82' lang='lat' dir='ltr'><strong>En.</strong></span> <span class='ocrx_word' id='word_1_264' title='bbox 668 3932 671 3943; x_wconf 92' lang='lat'>·</span> <span class='ocrx_word' id='word_1_265' title='bbox 839 3924 872 3955; x_wconf 86' lang='lat' dir='ltr'><strong>uo</strong></span> <span class='ocrx_word' id='word_1_266' title='bbox 883 3906 996 3961; x_wconf 75' lang='lat' dir='ltr'><strong>finitima.</strong></span> <span class='ocrx_word' id='word_1_267' title='bbox 1012 3911 1060 3959; x_wconf 85' lang='lat' dir='ltr'><strong>En.</strong></span> 
     </span>
    </p>
   </div>
   <div class='ocr_carea' id='block_1_4' title="bbox 0 0 1348 4822">
    <p class='ocr_par' dir='ltr' id='par_1_8' title="bbox 0 0 1348 4822">
     <span class='ocr_line' id='line_1_36' title="bbox 0 0 1348 4822; baseline 0 0"><span class='ocrx_word' id='word_1_268' title='bbox 0 0 1348 4822; x_wconf 95' lang='lat' dir='ltr'><strong> </strong></span> 
     </span>
    </p>
   </div>
  </div>
 </body>
</html>
