2686 4822
217 342 263 426 ad
537 345 586 413 Μ.
613 348 651 419 Τ.
678 347 974 419 CICERONIS

213 538 1290 570 §ssfflfflmmmmmmfflmmmfflmfflfflmm

546 730 854 811 EPISTOLA
881 732 957 811 XI.

215 888 322 947 Tristia
336 889 373 948 de
387 909 449 970 rep.
463 891 584 969 auguria
596 893 725 970 exponit.
736 891 815 967 Quid
828 892 866 951 ad
879 880 1015 952 seCoesar
1024 893 1183 971 scripserit,
1190 893 1289 953 refert.

255 986 454 1064 Epistularum
467 987 600 1066 Pompeii
613 987 648 1047 ad
666 1009 715 1060 se,
740 1008 918 1066 suarumque
935 988 972 1047 ad
987 989 1068 1047 illum
1084 990 1291 1068 rescriptamm

257 1084 390 1163 exempla
405 1084 493 1143 mittit
507 1105 514 1139 :
529 1084 621 1163 petit,
636 1098 669 1143 ut
682 1085 738 1143 sihi
751 1084 898 1145 bonorum
909 1106 1056 1146 sermones
1070 1086 1250 1165 perscribat,
1262 1100 1292 1146 et

256 1179 400 1237 Demetrii
412 1181 556 1259 Magnetis
563 1180 670 1239 librum
682 1179 719 1239 de
730 1180 888 1240 eoncordia
899 1181 955 1241 sibi
963 1183 1116 1256 mittat.(ln
1126 1183 1292 1255 Formiano,

263 1294 340 1332 anno
351 1280 388 1335 U.
402 1279 433 1338 C1.
445 1286 516 1353 7⁰4,
531 1297 629 1336 mense
640 1276 811 1356 februario.)

557 1469 713 1535 CICERO
735 1469 895 1534 ATTICO
918 1471 950 1536 S.

265 1615 375 1704 Qnon
396 1636 454 1683 me
482 1635 614 1708 magno
633 1611 743 1681 animi
767 1624 868 1682 motu
892 1610 1143 1709 perturbatum
1163 1626 1293 1710 putas;

219 1748 299 1794 sum
319 1719 509 1820 equidem,
528 1720 687 1793 sednon
711 1735 784 1791 tam
812 1744 965 1818 magno,
993 1747 1103 1819 quam
1130 1721 1197 1794 tibi
1218 1721 1293 1795 lor-

216 1849 309 1906 tasse
332 1830 470 1904 videor.
496 1838 654 1907 Levatur
680 1833 777 1903 enim
809 1833 928 1903 omnis
957 1857 1063 1921 cura,
1091 1857 1208 1931 quum
1231 1847 1295 1906 aut

219 1944 401 2017 constitit¹
424 1942 634 2029 consilium,
661 1957 723 2012 aut
745 1941 938 2038 cogitando
963 1942 1054 2014 nihil
1083 1943 1294 2042 explicatur.

218 2054 425 2125 Lamentari
448 2067 569 2122 autem
589 2053 682 2123 licet.
703 2051 798 2124 Illud
816 2066 937 2124 tamen
960 2068 1058 2126 totos
1084 2053 1160 2125 dies
1170 2064 1197 2124 ².
1224 2052 1296 2126 Sed

217 2188 365 2251 vereor,
386 2161 551 2247 ne,nihil
570 2185 684 2258 quum
701 2158 905 2259 proficiam,
921 2166 1028 2234 etiam
1042 2162 1213 2234 dedecori
1228 2166 1296 2234 sim

218 2274 346 2346 studiis
368 2298 409 2346 ac
427 2272 539 2344 literis
560 2274 705 2343 nostris.
729 2277 915 2343 Consumo
936 2273 1048 2370 igitur
1074 2296 1184 2345 omne
1202 2287 1296 2344 tem·

217 2408 306 2487 pus,
325 2383 578 2479 considerans,
592 2396 728 2480 quanta
747 2382 800 2453 vis
819 2383 865 2453 sit
886 2382 981 2453 illius
998 2384 1082 2472 viri,
1100 2407 1211 2480 quem
1228 2407 1297 2454 no·

217 2496 300 2566 stris
322 2481 423 2566 libris
446 2495 530 2565 satis
550 2492 759 2589 diligenter,
784 2506 825 2562 ut
851 2490 917 2562 tibi
939 2490 1087 2589 quidem
1110 2491 1297 2586 videmur,

218 2606 472 2704 expressimus.
492 2607 657 2673 Tenesne
674 2604 805 2698 igitur,
826 2601 1095 2675 moderatorem
1111 2602 1213 2672 illum
1226 2606 1297 2675 rei·

217 2714 374 2813 publicae
393 2740 469 2814 quo
486 2711 620 2784 referre
638 2710 790 2786 velimus
807 2713 956 2783 omnia?
975 2737 1058 2783 nam
1076 2714 1126 2784 sic
1144 2715 1299 2809 quinto,

219 2840 261 2896 ut
278 2829 431 2922 opinor,
453 2824 491 2892 in
520 2820 620 2923 libro¹
634 2821 797 2918 loquitur
818 2822 958 2920 Scipio:
980 2851 997 2885 (ι
1015 2819 1030 2864 ³
1045 2827 1095 2893 Ut
1113 2827 1216 2892 enim.
1229 2848 1299 2921 gu-

219 2962 237 2998 a
253 2932 440 3004 bernatori
461 2957 588 3003 cursus
610 2929 813 3015 secundm,
839 2930 983 3002 medico
1004 2931 1118 3021 salus,
1139 2935 1297 3030 impera·

220 3045 326 3115 «tori
344 3044 510 3131 victoria3
538 3043 589 3114 sic
610 3041 698 3113 huic
720 3042 939 3113 moderatori
961 3040 1170 3139 reipublicae
1191 3041 1300 3115 beata

220 3184 237 3219 α
257 3157 389 3225 civium
412 3157 485 3224 vita
509 3154 694 3251 proposita
718 3168 789 3238 est;
811 3166 854 3223 ut
879 3150 1012 3249 opibus
1037 3151 1160 3239 firma,
1183 3155 1299 3252 copiis

218 3264 434 3364 «locuples,
462 3265 575 3360 gloria
599 3263 735 3360 ampla,
760 3265 895 3333 virtute
924 3261 1077 3334 honesta
1097 3267 1153 3334 sit.
1181 3266 1300 3359 Hujus

221 3406 239 3442 ιι
257 3377 354 3447 enim
374 3378 515 3474 operis,
542 3374 689 3446 maximi
715 3374 810 3444 inter
828 3371 994 3449 homines
1018 3386 1128 3471 atque
1146 3376 1298 3472 optimi,

220 3515 237 3550 «
254 3485 357 3557 illum
385 3510 462 3557 esse
486 3482 725 3582 perfectorem
750 3482 876 3577 volo».
903 3487 981 3553 Hoc
1012 3486 1144 3554 Cnaeus
1171 3499 1299 3557 noster

261 3693 282 3727 r.
294 3678 411 3727 constitit.
426 3680 476 3725 Rea
490 3676 622 3724 deliberata
634 3686 680 3723 est.
780 3672 823 3721 but
837 3673 979 3722 Gronovius
990 3685 1068 3737 pater,
1077 3675 1221 3724 srrbvereor:
1229 3677 1299 3741 quod

260 3773 285 3807 u.
297 3760 369 3805 Totos
377 3757 437 3805 dies.
452 3756 597 3805 lamentari
611 3756 670 3802 Post
683 3752 735 3799 lraec
780 3752 880 3799 minime
891 3751 1012 3816 displicet.
1024 3755 1152 3801 Postremo
1164 3754 1300 3820 legendum

222 3837 273 3885 dno
287 3836 373 3895 verbu,
388 3848 473 3885 notum
492 3836 582 3899 quietis
599 3833 675 3896 vulgo
693 3848 737 3895 ap·
780 3847 831 3878 ease
843 3832 886 3886 sit,
902 3847 954 3878 non
971 3831 1031 3895 sim,
1050 3832 1088 3881 vis
1101 3834 1153 3899 ipsu
1168 3837 1300 3885 „utentia

222 3917 346 3980 pingunt:
367 3932 440 3978 quam
453 3914 530 3969 male.
547 3929 620 3961 nemo
636 3928 687 3959 uon
700 3913 737 3957 vi·
780 3910 868 3973 arguit.
881 3913 957 3958 Onrv.

223 3997 272 4043 det.
284 3993 378 4042 Deinde
393 4010 478 4043 omnes
492 4004 581 4058 praeter
591 3989 734 4040 Lumbiuum
818 3992 844 4037 3.
860 3991 1140 4057 Loquitur-Scipiovide
1154 3993 1241 4059 fragm.
1252 3995 1299 4049 lib.

222 4074 363 4134 ediderunt,
375 4074 420 4122 sed
430 4089 531 4129 verton·
546 4071 611 4119 unde
622 4069 736 4131 conjicie-
781 4070 811 4118 de
824 4073 889 4135 llep.
897 4073 931 4133 V,
940 4072 965 4120 6,
1041 4098 1045 4107 .
