<?xml version="1.0" encoding="UTF-8"?>
<!DOCTYPE html PUBLIC "-//W3C//DTD XHTML 1.0 Transitional//EN"
    "http://www.w3.org/TR/xhtml1/DTD/xhtml1-transitional.dtd">
<html xmlns="http://www.w3.org/1999/xhtml" xml:lang="en" lang="en">
 <head>
  <title>
</title>
<meta http-equiv="Content-Type" content="text/html;charset=utf-8" />
  <meta name='ocr-system' content='tesseract 3.04.00' />
  <meta name='ocr-capabilities' content='ocr_page ocr_carea ocr_par ocr_line ocrx_word'/>
</head>
<body>
  <div class='ocr_page' id='page_1' title='image "bibliothecaclas14lemagoog_0062.png"; bbox 0 0 2686 4822; ppageno 0'>
   <div class='ocr_carea' id='block_1_1' title="bbox 169 106 1144 207">
    <p class='ocr_par' dir='ltr' id='par_1_1' title="bbox 169 106 1144 207">
     <span class='ocr_line' id='line_1_1' title="bbox 169 106 1144 207; baseline 0.002 -29"><span class='ocrx_word' id='word_1_1' title='bbox 169 109 444 178; x_wconf 74' lang='lat' dir='ltr'>nrrsrocn</span> <span class='ocrx_word' id='word_1_2' title='bbox 464 107 535 175; x_wconf 74' lang='lat' dir='ltr'>io</span> <span class='ocrx_word' id='word_1_3' title='bbox 560 108 816 194; x_wconf 77' lang='lat' dir='ltr'>Arrlcunr,</span> <span class='ocrx_word' id='word_1_4' title='bbox 838 111 961 197; x_wconf 81' lang='lat' dir='ltr'>vm,</span> <span class='ocrx_word' id='word_1_5' title='bbox 992 106 1046 180; x_wconf 69' lang='grc' dir='ltr'>ιε.</span> <span class='ocrx_word' id='word_1_6' title='bbox 1098 116 1144 207; x_wconf 68' lang='lat'>47</span> 
     </span>
    </p>
   </div>
   <div class='ocr_carea' id='block_1_2' title="bbox 63 228 1252 1540">
    <p class='ocr_par' dir='ltr' id='par_1_2' title="bbox 63 228 1252 1540">
     <span class='ocr_line' id='line_1_2' title="bbox 75 228 1147 327; baseline -0.001 -20"><span class='ocrx_word' id='word_1_7' title='bbox 75 246 183 319; x_wconf 79' lang='lat' dir='ltr'>eunt,</span> <span class='ocrx_word' id='word_1_8' title='bbox 202 230 276 319; x_wconf 86' lang='lat' dir='ltr'>vel,</span> <span class='ocrx_word' id='word_1_9' title='bbox 291 254 367 327; x_wconf 91' lang='lat' dir='ltr'>quo</span> <span class='ocrx_word' id='word_1_10' title='bbox 387 228 501 303; x_wconf 79' lang='lat' dir='ltr'>modo</span> <span class='ocrx_word' id='word_1_11' title='bbox 514 253 614 303; x_wconf 89' lang='lat' dir='ltr'>nunc</span> <span class='ocrx_word' id='word_1_12' title='bbox 635 243 709 315; x_wconf 90' lang='lat' dir='ltr'>est,</span> <span class='ocrx_word' id='word_1_13' title='bbox 728 234 960 304; x_wconf 83' lang='lat' dir='ltr'>transierunt.</span> <span class='ocrx_word' id='word_1_14' title='bbox 981 230 1051 304; x_wconf 88' lang='lat' dir='ltr'>Sed</span> <span class='ocrx_word' id='word_1_15' title='bbox 1070 257 1147 307; x_wconf 90' lang='lat' dir='ltr'>me-</span> 
     </span>
     <span class='ocr_line' id='line_1_3' title="bbox 71 336 1147 442; baseline 0 -27"><span class='ocrx_word' id='word_1_16' title='bbox 71 356 213 424; x_wconf 89' lang='lat' dir='ltr'>mento,</span> <span class='ocrx_word' id='word_1_17' title='bbox 247 354 378 438; x_wconf 76' lang='lat' dir='ltr'>praeter</span> <span class='ocrx_word' id='word_1_18' title='bbox 403 336 606 438; x_wconf 82' lang='lat' dir='ltr'>Appium⁵,</span> <span class='ocrx_word' id='word_1_19' title='bbox 634 341 820 413; x_wconf 88' lang='lat' dir='ltr'>nemiuem</span> <span class='ocrx_word' id='word_1_20' title='bbox 854 366 931 415; x_wconf 90' lang='lat' dir='ltr'>esse</span> <span class='ocrx_word' id='word_1_21' title='bbox 961 340 1054 430; x_wconf 85' lang='lat' dir='ltr'>fere,</span> <span class='ocrx_word' id='word_1_22' title='bbox 1079 346 1147 442; x_wconf 92' lang='lat' dir='ltr'>qui</span> 
     </span>
     <span class='ocr_line' id='line_1_4' title="bbox 71 448 1148 552; baseline 0.001 -27"><span class='ocrx_word' id='word_1_23' title='bbox 71 477 146 526; x_wconf 90' lang='lat' dir='ltr'>uon</span> <span class='ocrx_word' id='word_1_24' title='bbox 173 452 236 547; x_wconf 86' lang='lat' dir='ltr'>jus</span> <span class='ocrx_word' id='word_1_25' title='bbox 266 448 400 521; x_wconf 82' lang='lat' dir='ltr'>babeat</span> <span class='ocrx_word' id='word_1_26' title='bbox 425 448 646 521; x_wconf 87' lang='lat' dir='ltr'>transeundi.</span> <span class='ocrx_word' id='word_1_27' title='bbox 673 453 764 522; x_wconf 83' lang='lat' dir='ltr'>Nam</span> <span class='ocrx_word' id='word_1_28' title='bbox 792 466 856 522; x_wconf 88' lang='lat' dir='ltr'>aut</span> <span class='ocrx_word' id='word_1_29' title='bbox 882 476 965 523; x_wconf 90' lang='lat' dir='ltr'>cum</span> <span class='ocrx_word' id='word_1_30' title='bbox 992 455 1148 552; x_wconf 89' lang='lat' dir='ltr'>imperio</span> 
     </span>
     <span class='ocr_line' id='line_1_5' title="bbox 68 559 1158 658; baseline 0 -20"><span class='ocrx_word' id='word_1_31' title='bbox 68 575 176 649; x_wconf 76' lang='lat' dir='ltr'>tunt,</span> <span class='ocrx_word' id='word_1_32' title='bbox 201 575 243 633; x_wconf 91' lang='lat' dir='ltr'>ut</span> <span class='ocrx_word' id='word_1_33' title='bbox 261 560 478 657; x_wconf 87' lang='lat' dir='ltr'>Pompeius,</span> <span class='ocrx_word' id='word_1_34' title='bbox 502 575 544 632; x_wconf 89' lang='lat' dir='ltr'>ut</span> <span class='ocrx_word' id='word_1_35' title='bbox 564 561 704 658; x_wconf 89' lang='lat' dir='ltr'>Scipio,</span> <span class='ocrx_word' id='word_1_36' title='bbox 728 559 922 648; x_wconf 55' lang='lat' dir='ltr'>serenam,</span> <span class='ocrx_word' id='word_1_37' title='bbox 940 565 1158 652; x_wconf 74' lang='lat' dir='ltr'>Fanniust,</span> 
     </span>
     <span class='ocr_line' id='line_1_6' title="bbox 68 663 1149 768; baseline 0.003 -24"><span class='ocrx_word' id='word_1_38' title='bbox 68 663 304 758; x_wconf 70' lang='lat' dir='ltr'>voconiusss,</span> <span class='ocrx_word' id='word_1_39' title='bbox 320 673 496 757; x_wconf 71' lang='lat' dir='ltr'>sextiusr,</span> <span class='ocrx_word' id='word_1_40' title='bbox 509 671 578 768; x_wconf 90' lang='lat' dir='ltr'>ipsi</span> <span class='ocrx_word' id='word_1_41' title='bbox 593 670 781 758; x_wconf 86' lang='lat' dir='ltr'>consules,</span> <span class='ocrx_word' id='word_1_42' title='bbox 798 669 932 767; x_wconf 91' lang='lat' dir='ltr'>quibus</span> <span class='ocrx_word' id='word_1_43' title='bbox 948 693 1052 744; x_wconf 86' lang='lat' dir='ltr'>more</span> <span class='ocrx_word' id='word_1_44' title='bbox 1071 699 1149 747; x_wconf 89' lang='lat' dir='ltr'>ma·</span> 
     </span>
     <span class='ocr_line' id='line_1_7' title="bbox 63 779 1252 886; baseline 0.002 -31"><span class='ocrx_word' id='word_1_45' title='bbox 63 783 193 877; x_wconf 84' lang='lat' dir='ltr'>jurum</span> <span class='ocrx_word' id='word_1_46' title='bbox 206 804 420 855; x_wconf 87' lang='lat' dir='ltr'>concessum</span> <span class='ocrx_word' id='word_1_47' title='bbox 438 795 492 852; x_wconf 90' lang='lat' dir='ltr'>est</span> <span class='ocrx_word' id='word_1_48' title='bbox 507 779 563 854; x_wconf 88' lang='lat' dir='ltr'>vel</span> <span class='ocrx_word' id='word_1_49' title='bbox 581 805 710 853; x_wconf 88' lang='lat' dir='ltr'>omues</span> <span class='ocrx_word' id='word_1_50' title='bbox 728 780 826 855; x_wconf 88' lang='lat' dir='ltr'>adire</span> <span class='ocrx_word' id='word_1_51' title='bbox 846 784 1070 880; x_wconf 87' lang='lat' dir='ltr'>provincias;</span> <span class='ocrx_word' id='word_1_52' title='bbox 1084 800 1148 875; x_wconf 85' lang='lat' dir='ltr'>aut</span> <span class='ocrx_word' id='word_1_53' title='bbox 1245 873 1252 886; x_wconf 23' lang='grc' dir='ltr'>ἱ</span> 
     </span>
     <span class='ocr_line' id='line_1_8' title="bbox 69 890 1149 992; baseline 0.003 -29"><span class='ocrx_word' id='word_1_54' title='bbox 69 894 179 990; x_wconf 82' lang='lat' dir='ltr'>iegati</span> <span class='ocrx_word' id='word_1_55' title='bbox 200 907 290 965; x_wconf 88' lang='lat' dir='ltr'>sunt</span> <span class='ocrx_word' id='word_1_56' title='bbox 315 915 454 965; x_wconf 90' lang='lat' dir='ltr'>eorum</span> <span class='ocrx_word' id='word_1_57' title='bbox 484 890 555 965; x_wconf 85' lang='lat' dir='ltr'>Sed</span> <span class='ocrx_word' id='word_1_58' title='bbox 590 891 681 965; x_wconf 92' lang='lat' dir='ltr'>nihil</span> <span class='ocrx_word' id='word_1_59' title='bbox 708 891 858 965; x_wconf 86' lang='lat' dir='ltr'>dissero.</span> <span class='ocrx_word' id='word_1_60' title='bbox 884 892 984 984; x_wconf 92' lang='lat' dir='ltr'><strong>Quid</strong></span> <span class='ocrx_word' id='word_1_61' title='bbox 1006 893 1149 992; x_wconf 86' lang='lat' dir='ltr'>placeat</span> 
     </span>
     <span class='ocr_line' id='line_1_9' title="bbox 67 1001 1149 1127; baseline 0 -52"><span class='ocrx_word' id='word_1_62' title='bbox 67 1002 154 1087; x_wconf 84' lang='lat' dir='ltr'>tibi,</span> <span class='ocrx_word' id='word_1_63' title='bbox 166 1018 204 1075; x_wconf 90' lang='lat' dir='ltr'>et</span> <span class='ocrx_word' id='word_1_64' title='bbox 219 1001 310 1101; x_wconf 93' lang='lat' dir='ltr'>quid</span> <span class='ocrx_word' id='word_1_65' title='bbox 323 1001 592 1127; x_wconf 84' lang='lat' dir='ltr'>propemodum</span> <span class='ocrx_word' id='word_1_66' title='bbox 608 1015 748 1074; x_wconf 89' lang='lat' dir='ltr'>rectum</span> <span class='ocrx_word' id='word_1_67' title='bbox 764 1003 831 1087; x_wconf 87' lang='lat' dir='ltr'>sit,</span> <span class='ocrx_word' id='word_1_68' title='bbox 851 1002 1027 1100; x_wconf 79' lang='lat' dir='ltr'><strong>intelligo.</strong></span> <span class='ocrx_word' id='word_1_69' title='bbox 1044 1003 1149 1085; x_wconf 84' lang='lat' dir='ltr'>Plura</span> 
     </span>
     <span class='ocr_line' id='line_1_10' title="bbox 67 1112 1149 1214; baseline 0.006 -29"><span class='ocrx_word' id='word_1_70' title='bbox 67 1113 286 1197; x_wconf 83' lang='lat' dir='ltr'>scriberem,</span> <span class='ocrx_word' id='word_1_71' title='bbox 302 1138 333 1185; x_wconf 85' lang='lat' dir='ltr'>sr</span> <span class='ocrx_word' id='word_1_72' title='bbox 344 1137 422 1214; x_wconf 83' lang='lat' dir='ltr'>ipse</span> <span class='ocrx_word' id='word_1_73' title='bbox 435 1136 592 1211; x_wconf 86' lang='lat' dir='ltr'>possem</span> <span class='ocrx_word' id='word_1_74' title='bbox 606 1113 692 1203; x_wconf 85' lang='lat' dir='ltr'>Sed,</span> <span class='ocrx_word' id='word_1_75' title='bbox 708 1126 749 1182; x_wconf 91' lang='lat' dir='ltr'>ut</span> <span class='ocrx_word' id='word_1_76' title='bbox 760 1112 984 1187; x_wconf 82' lang='lat' dir='ltr'>mrbrvrdeor</span> <span class='ocrx_word' id='word_1_77' title='bbox 992 1129 1149 1213; x_wconf 82' lang='lat' dir='ltr'>,potero</span> 
     </span>
     <span class='ocr_line' id='line_1_11' title="bbox 66 1221 1148 1320; baseline 0.003 -25"><span class='ocrx_word' id='word_1_78' title='bbox 66 1221 197 1297; x_wconf 88' lang='lat' dir='ltr'>biduo.</span> <span class='ocrx_word' id='word_1_79' title='bbox 208 1221 474 1295; x_wconf 83' lang='lat' dir='ltr'>BalbrCoruelu</span> <span class='ocrx_word' id='word_1_80' title='bbox 483 1221 667 1297; x_wconf 83' lang='lat' dir='ltr'>literarum</span> <span class='ocrx_word' id='word_1_81' title='bbox 682 1222 906 1319; x_wconf 85' lang='lat' dir='ltr'>exemplum,</span> <span class='ocrx_word' id='word_1_82' title='bbox 918 1248 1008 1320; x_wconf 89' lang='lat' dir='ltr'>quas</span> <span class='ocrx_word' id='word_1_83' title='bbox 1018 1224 1148 1298; x_wconf 91' lang='lat' dir='ltr'>eodem</span> 
     </span>
     <span class='ocr_line' id='line_1_12' title="bbox 66 1331 1147 1432; baseline 0.004 -27"><span class='ocrx_word' id='word_1_84' title='bbox 66 1331 128 1405; x_wconf 90' lang='lat' dir='ltr'>die</span> <span class='ocrx_word' id='word_1_85' title='bbox 144 1337 290 1432; x_wconf 79' lang='lat' dir='ltr'>accepi,</span> <span class='ocrx_word' id='word_1_86' title='bbox 310 1358 386 1431; x_wconf 91' lang='lat' dir='ltr'>quo</span> <span class='ocrx_word' id='word_1_87' title='bbox 400 1348 497 1419; x_wconf 86' lang='lat' dir='ltr'>tuas,</span> <span class='ocrx_word' id='word_1_88' title='bbox 520 1337 600 1405; x_wconf 91' lang='lat' dir='ltr'>misi</span> <span class='ocrx_word' id='word_1_89' title='bbox 617 1332 662 1405; x_wconf 83' lang='lat' dir='ltr'>ad</span> <span class='ocrx_word' id='word_1_90' title='bbox 675 1347 729 1418; x_wconf 89' lang='lat' dir='ltr'>te,</span> <span class='ocrx_word' id='word_1_91' title='bbox 749 1346 791 1404; x_wconf 93' lang='lat' dir='ltr'>ut</span> <span class='ocrx_word' id='word_1_92' title='bbox 808 1358 926 1407; x_wconf 84' lang='lat' dir='ltr'>meam</span> <span class='ocrx_word' id='word_1_93' title='bbox 945 1337 1061 1407; x_wconf 90' lang='lat' dir='ltr'>vicem</span> <span class='ocrx_word' id='word_1_94' title='bbox 1079 1337 1147 1409; x_wconf 94' lang='lat' dir='ltr'>do·</span> 
     </span>
     <span class='ocr_line' id='line_1_13' title="bbox 68 1441 778 1540; baseline 0.001 -28"><span class='ocrx_word' id='word_1_95' title='bbox 68 1441 178 1529; x_wconf 85' lang='lat' dir='ltr'>teres,</span> <span class='ocrx_word' id='word_1_96' title='bbox 196 1456 313 1540; x_wconf 85' lang='lat' dir='ltr'>quum</span> <span class='ocrx_word' id='word_1_97' title='bbox 330 1468 389 1516; x_wconf 88' lang='lat' dir='ltr'>me</span> <span class='ocrx_word' id='word_1_98' title='bbox 407 1443 562 1516; x_wconf 83' lang='lat' dir='ltr'>derideri</span> <span class='ocrx_word' id='word_1_99' title='bbox 576 1454 607 1489; x_wconf 87' lang='lat'>¹⁰</span> <span class='ocrx_word' id='word_1_100' title='bbox 623 1443 778 1515; x_wconf 86' lang='lat' dir='ltr'>rideres.</span> 
     </span>
    </p>
   </div>
   <div class='ocr_carea' id='block_1_3' title="bbox 63 1660 1148 2599">
    <p class='ocr_par' dir='ltr' id='par_1_3' title="bbox 63 1660 1148 2599">
     <span class='ocr_line' id='line_1_14' title="bbox 104 1660 1147 1729; baseline 0.002 -17"><span class='ocrx_word' id='word_1_101' title='bbox 104 1664 130 1713; x_wconf 81' lang='lat'>⁵.</span> <span class='ocrx_word' id='word_1_102' title='bbox 142 1661 316 1729; x_wconf 67' lang='lat' dir='ltr'>Appetime</span> <span class='ocrx_word' id='word_1_103' title='bbox 328 1661 469 1713; x_wconf 67' lang='lat' dir='ltr'>mundi</span> <span class='ocrx_word' id='word_1_104' title='bbox 478 1677 530 1711; x_wconf 87' lang='lat' dir='ltr'>uon</span> <span class='ocrx_word' id='word_1_105' title='bbox 542 1661 585 1711; x_wconf 77' lang='lat' dir='ltr'>bc·</span> <span class='ocrx_word' id='word_1_106' title='bbox 629 1662 737 1726; x_wconf 83' lang='lat' dir='ltr'>perium,</span> <span class='ocrx_word' id='word_1_107' title='bbox 746 1660 825 1711; x_wconf 81' lang='lat' dir='ltr'>donee</span> <span class='ocrx_word' id='word_1_108' title='bbox 835 1663 959 1714; x_wconf 76' lang='lat' dir='ltr'>transisset</span> <span class='ocrx_word' id='word_1_109' title='bbox 967 1663 1084 1715; x_wconf 66' lang='lat' dir='ltr'>(¹4th</span> <span class='ocrx_word' id='word_1_110' title='bbox 1092 1667 1147 1719; x_wconf 70' lang='lat' dir='ltr'>Ati.</span> 
     </span>
     <span class='ocr_line' id='line_1_15' title="bbox 67 1742 921 1807; baseline 0.001 -17"><span class='ocrx_word' id='word_1_111' title='bbox 67 1742 158 1801; x_wconf 77' lang='lat' dir='ltr'>bebct,</span> <span class='ocrx_word' id='word_1_112' title='bbox 167 1743 285 1807; x_wconf 70' lang='lat' dir='ltr'>quonlam</span> <span class='ocrx_word' id='word_1_113' title='bbox 299 1759 387 1793; x_wconf 80' lang='lat' dir='ltr'>censor</span> <span class='ocrx_word' id='word_1_114' title='bbox 396 1753 459 1801; x_wconf 74' lang='lat' dir='ltr'>erat,</span> <span class='ocrx_word' id='word_1_115' title='bbox 471 1757 516 1789; x_wconf 87' lang='lat' dir='ltr'>nec</span> <span class='ocrx_word' id='word_1_116' title='bbox 529 1757 585 1788; x_wconf 83' lang='lat' dir='ltr'>rum</span> <span class='ocrx_word' id='word_1_117' title='bbox 630 1742 691 1799; x_wconf 85' lang='lat' dir='ltr'>vtt,</span> <span class='ocrx_word' id='word_1_118' title='bbox 707 1742 738 1790; x_wconf 79' lang='lat'>15</span> <span class='ocrx_word' id='word_1_119' title='bbox 745 1759 753 1802; x_wconf 80' lang='lat'>3</span> <span class='ocrx_word' id='word_1_120' title='bbox 767 1743 819 1800; x_wconf 75' lang='lat' dir='ltr'>xl,</span> <span class='ocrx_word' id='word_1_121' title='bbox 832 1742 858 1792; x_wconf 83' lang='lat'>6.</span> <span class='ocrx_word' id='word_1_122' title='bbox 874 1744 921 1792; x_wconf 86' lang='lat' dir='ltr'>Eo.</span> 
     </span>
     <span class='ocr_line' id='line_1_16' title="bbox 65 1808 1148 1889; baseline 0.004 -20"><span class='ocrx_word' id='word_1_123' title='bbox 65 1822 174 1886; x_wconf 74' lang='lat' dir='ltr'>imperio</span> <span class='ocrx_word' id='word_1_124' title='bbox 181 1856 193 1881; x_wconf 92' lang='lat'>,</span> <span class='ocrx_word' id='word_1_125' title='bbox 201 1831 230 1869; x_wconf 86' lang='lat' dir='ltr'>ut</span> <span class='ocrx_word' id='word_1_126' title='bbox 241 1823 378 1886; x_wconf 75' lang='lat' dir='ltr'>proconsul</span> <span class='ocrx_word' id='word_1_127' title='bbox 396 1822 526 1885; x_wconf 78' lang='lat' dir='ltr'>Pompeius</span> <span class='ocrx_word' id='word_1_128' title='bbox 539 1821 586 1870; x_wconf 81' lang='lat' dir='ltr'>Hi·</span> <span class='ocrx_word' id='word_1_129' title='bbox 667 1823 691 1868; x_wconf 77' lang='grc' dir='ltr'>Β.</span> <span class='ocrx_word' id='word_1_130' title='bbox 708 1808 839 1868; x_wconf 66' lang='lat' dir='ltr'>Vocontia.</span> <span class='ocrx_word' id='word_1_131' title='bbox 849 1822 1002 1886; x_wconf 71' lang='lat' dir='ltr'>Cognomina</span> <span class='ocrx_word' id='word_1_132' title='bbox 1012 1824 1087 1882; x_wconf 79' lang='lat' dir='ltr'>Sm,</span> <span class='ocrx_word' id='word_1_133' title='bbox 1097 1824 1148 1889; x_wconf 81' lang='lat' dir='ltr'>pic·</span> 
     </span>
     <span class='ocr_line' id='line_1_17' title="bbox 63 1899 1148 1967; baseline 0.002 -15"><span class='ocrx_word' id='word_1_134' title='bbox 63 1902 223 1965; x_wconf 66' lang='lat' dir='ltr'>operiemur,</span> <span class='ocrx_word' id='word_1_135' title='bbox 235 1902 320 1967; x_wconf 78' lang='lat' dir='ltr'>Scipio</span> <span class='ocrx_word' id='word_1_136' title='bbox 331 1903 584 1967; x_wconf 77' lang='lat' dir='ltr'>Syriae,ctc.l’orrn.</span> <span class='ocrx_word' id='word_1_137' title='bbox 629 1899 716 1961; x_wconf 76' lang='lat' dir='ltr'>bciur3</span> <span class='ocrx_word' id='word_1_138' title='bbox 737 1900 779 1963; x_wconf 77' lang='lat' dir='ltr'>qui</span> <span class='ocrx_word' id='word_1_139' title='bbox 792 1902 938 1964; x_wconf 77' lang='lat' dir='ltr'>Pompeium</span> <span class='ocrx_word' id='word_1_140' title='bbox 957 1914 1097 1967; x_wconf 70' lang='lat' dir='ltr'>propretor</span> <span class='ocrx_word' id='word_1_141' title='bbox 1109 1920 1148 1955; x_wconf 79' lang='lat' dir='ltr'>rc·</span> 
     </span>
     <span class='ocr_line' id='line_1_18' title="bbox 103 1979 853 2046; baseline -0.001 -18"><span class='ocrx_word' id='word_1_142' title='bbox 103 1982 130 2029; x_wconf 81' lang='grc'>6.</span> <span class='ocrx_word' id='word_1_143' title='bbox 142 1984 253 2031; x_wconf 81' lang='lat' dir='ltr'>Scecnar.</span> <span class='ocrx_word' id='word_1_144' title='bbox 274 1981 375 2046; x_wconf 80' lang='lat' dir='ltr'>Pighius</span> <span class='ocrx_word' id='word_1_145' title='bbox 388 1982 418 2031; x_wconf 76' lang='lat' dir='ltr'>ad</span> <span class='ocrx_word' id='word_1_146' title='bbox 430 1996 521 2028; x_wconf 76' lang='lat' dir='ltr'>anunm</span> <span class='ocrx_word' id='word_1_147' title='bbox 535 1979 582 2040; x_wconf 79' lang='lat'>7⁰³</span> <span class='ocrx_word' id='word_1_148' title='bbox 629 1992 720 2044; x_wconf 85' lang='lat' dir='ltr'>quutus</span> <span class='ocrx_word' id='word_1_149' title='bbox 733 1989 792 2027; x_wconf 78' lang='lat' dir='ltr'>emt.</span> <span class='ocrx_word' id='word_1_150' title='bbox 806 1980 853 2029; x_wconf 85' lang='lat' dir='ltr'>Eu.</span> 
     </span>
     <span class='ocr_line' id='line_1_19' title="bbox 65 2056 1144 2124; baseline 0.004 -18"><span class='ocrx_word' id='word_1_151' title='bbox 65 2056 200 2124; x_wconf 76' lang='lat' dir='ltr'>legendum</span> <span class='ocrx_word' id='word_1_152' title='bbox 212 2071 311 2119; x_wconf 78' lang='lat' dir='ltr'>censet,</span> <span class='ocrx_word' id='word_1_153' title='bbox 323 2061 387 2108; x_wconf 74' lang='lat' dir='ltr'>tv.</span> <span class='ocrx_word' id='word_1_154' title='bbox 401 2062 428 2107; x_wconf 86' lang='lat' dir='ltr'>L.</span> <span class='ocrx_word' id='word_1_155' title='bbox 441 2071 467 2107; x_wconf 89' lang='lat' dir='ltr'>et</span> <span class='ocrx_word' id='word_1_156' title='bbox 476 2060 527 2106; x_wconf 85' lang='lat' dir='ltr'>fere</span> <span class='ocrx_word' id='word_1_157' title='bbox 536 2074 585 2106; x_wconf 90' lang='lat' dir='ltr'>om·</span> <span class='ocrx_word' id='word_1_158' title='bbox 665 2074 691 2120; x_wconf 90' lang='lat'>9.</span> <span class='ocrx_word' id='word_1_159' title='bbox 705 2057 812 2107; x_wconf 78' lang='lat' dir='ltr'>Sextius.</span> <span class='ocrx_word' id='word_1_160' title='bbox 826 2058 920 2107; x_wconf 73' lang='lat' dir='ltr'>cittctae</span> <span class='ocrx_word' id='word_1_161' title='bbox 928 2061 1067 2123; x_wconf 71' lang='lat' dir='ltr'>prefectus.</span> <span class='ocrx_word' id='word_1_162' title='bbox 1079 2061 1144 2110; x_wconf 75' lang='lat' dir='ltr'>Num</span> 
     </span>
     <span class='ocr_line' id='line_1_20' title="bbox 64 2132 1146 2204; baseline 0.003 -17"><span class='ocrx_word' id='word_1_163' title='bbox 64 2136 585 2204; x_wconf 65' lang='lat' dir='ltr'>dburprobontibur,8uscnar,ctintelligit</span> <span class='ocrx_word' id='word_1_164' title='bbox 627 2137 697 2201; x_wconf 75' lang='lat' dir='ltr'>apud</span> <span class='ocrx_word' id='word_1_165' title='bbox 710 2132 870 2185; x_wconf 73' lang='lat' dir='ltr'>Plutarchum</span> <span class='ocrx_word' id='word_1_166' title='bbox 883 2140 910 2189; x_wconf 84' lang='lat' dir='ltr'>iu</span> <span class='ocrx_word' id='word_1_167' title='bbox 923 2139 1000 2187; x_wconf 82' lang='lat' dir='ltr'>Bruto</span> <span class='ocrx_word' id='word_1_168' title='bbox 1017 2156 1064 2204; x_wconf 90' lang='lat' dir='ltr'>pro</span> <span class='ocrx_word' id='word_1_169' title='bbox 1079 2146 1146 2190; x_wconf 76' lang='grc' dir='ltr'><strong>Σικι-</strong></span> 
     </span>
     <span class='ocr_line' id='line_1_21' title="bbox 66 2214 1016 2285; baseline 0.002 -18"><span class='ocrx_word' id='word_1_170' title='bbox 66 2220 106 2268; x_wconf 79' lang='lat'>1¹.</span> <span class='ocrx_word' id='word_1_171' title='bbox 122 2218 232 2267; x_wconf 74' lang='lat' dir='ltr'>Nonium</span> <span class='ocrx_word' id='word_1_172' title='bbox 248 2216 399 2285; x_wconf 76' lang='lat' dir='ltr'>Srtsomtem,</span> <span class='ocrx_word' id='word_1_173' title='bbox 414 2218 457 2283; x_wconf 88' lang='lat' dir='ltr'>qui</span> <span class='ocrx_word' id='word_1_174' title='bbox 471 2234 502 2267; x_wconf 80' lang='lat' dir='ltr'>oo</span> <span class='ocrx_word' id='word_1_175' title='bbox 518 2231 584 2265; x_wconf 79' lang='lat' dir='ltr'>runo</span> <span class='ocrx_word' id='word_1_176' title='bbox 628 2214 681 2267; x_wconf 77' lang='grc' dir='ltr'><strong>λίαν</strong></span> <span class='ocrx_word' id='word_1_177' title='bbox 695 2215 826 2281; x_wconf 73' lang='lat' dir='ltr'>legendum</span> <span class='ocrx_word' id='word_1_178' title='bbox 838 2215 955 2267; x_wconf 73' lang='grc' dir='ltr'><strong>Κιλικίαν.</strong></span> <span class='ocrx_word' id='word_1_179' title='bbox 968 2221 1016 2269; x_wconf 84' lang='grc' dir='ltr'><strong>Ει).</strong></span> 
     </span>
     <span class='ocr_line' id='line_1_22' title="bbox 63 2295 1147 2361; baseline 0.001 -15"><span class='ocrx_word' id='word_1_180' title='bbox 63 2298 164 2347; x_wconf 71' lang='lat' dir='ltr'>Cretum</span> <span class='ocrx_word' id='word_1_181' title='bbox 178 2309 202 2346; x_wconf 88' lang='lat' dir='ltr'>ct</span> <span class='ocrx_word' id='word_1_182' title='bbox 217 2298 330 2361; x_wconf 77' lang='lat' dir='ltr'>Cyrenen</span> <span class='ocrx_word' id='word_1_183' title='bbox 344 2296 460 2344; x_wconf 91' lang='lat' dir='ltr'>obtinuit.</span> <span class='ocrx_word' id='word_1_184' title='bbox 467 2298 585 2345; x_wconf 66' lang='grc' dir='ltr'><strong>-Βοωι-</strong></span> <span class='ocrx_word' id='word_1_185' title='bbox 668 2311 706 2343; x_wconf 88' lang='lat' dir='ltr'>ro.</span> <span class='ocrx_word' id='word_1_186' title='bbox 723 2295 843 2344; x_wconf 76' lang='lat' dir='ltr'>Derideri.</span> <span class='ocrx_word' id='word_1_187' title='bbox 858 2296 922 2359; x_wconf 77' lang='lat' dir='ltr'>Quia</span> <span class='ocrx_word' id='word_1_188' title='bbox 931 2296 1021 2344; x_wconf 76' lang='lat' dir='ltr'>Balbus</span> <span class='ocrx_word' id='word_1_189' title='bbox 1034 2314 1090 2348; x_wconf 86' lang='lat' dir='ltr'>rum</span> <span class='ocrx_word' id='word_1_190' title='bbox 1104 2298 1147 2349; x_wconf 85' lang='lat' dir='ltr'>Ci-</span> 
     </span>
     <span class='ocr_line' id='line_1_23' title="bbox 66 2373 1142 2441; baseline 0.002 -19"><span class='ocrx_word' id='word_1_191' title='bbox 66 2377 144 2423; x_wconf 77' lang='lat' dir='ltr'>rionis</span> <span class='ocrx_word' id='word_1_192' title='bbox 151 2376 228 2435; x_wconf 84' lang='lat' dir='ltr'>liber,</span> <span class='ocrx_word' id='word_1_193' title='bbox 242 2386 303 2424; x_wconf 80' lang='lat' dir='ltr'>tecte</span> <span class='ocrx_word' id='word_1_194' title='bbox 316 2376 580 2434; x_wconf 73' lang='lat' dir='ltr'>Manutio,Sete-onar.</span> <span class='ocrx_word' id='word_1_195' title='bbox 626 2391 715 2423; x_wconf 84' lang='lat' dir='ltr'>ccronc</span> <span class='ocrx_word' id='word_1_196' title='bbox 728 2374 790 2422; x_wconf 69' lang='lat' dir='ltr'>ntro</span> <span class='ocrx_word' id='word_1_197' title='bbox 805 2373 971 2423; x_wconf 73' lang='lat' dir='ltr'>contendebat</span> <span class='ocrx_word' id='word_1_198' title='bbox 988 2375 1077 2424; x_wconf 66' lang='lat' dir='ltr'>emet</span> <span class='ocrx_word' id='word_1_199' title='bbox 1097 2392 1142 2441; x_wconf 73' lang='lat' dir='ltr'>pn-</span> 
     </span>
     <span class='ocr_line' id='line_1_24' title="bbox 64 2452 1140 2518; baseline 0.002 -15"><span class='ocrx_word' id='word_1_200' title='bbox 64 2455 178 2507; x_wconf 80' lang='lat' dir='ltr'><strong>J.V.L‚</strong></span> <span class='ocrx_word' id='word_1_201' title='bbox 626 2471 679 2507; x_wconf 82' lang='lat' dir='ltr'>cem</span> <span class='ocrx_word' id='word_1_202' title='bbox 699 2453 814 2518; x_wconf 71' lang='lat' dir='ltr'>placere,</span> <span class='ocrx_word' id='word_1_203' title='bbox 831 2452 899 2518; x_wconf 86' lang='lat' dir='ltr'>qood</span> <span class='ocrx_word' id='word_1_204' title='bbox 923 2463 948 2503; x_wconf 78' lang='lat' dir='ltr'>ot</span> <span class='ocrx_word' id='word_1_205' title='bbox 968 2455 1028 2503; x_wconf 73' lang='lat' dir='ltr'>eliu</span> <span class='ocrx_word' id='word_1_206' title='bbox 1051 2456 1140 2510; x_wconf 80' lang='lat' dir='ltr'>Cicero</span> 
     </span>
     <span class='ocr_line' id='line_1_25' title="bbox 104 2532 811 2599; baseline -0.011 -12"><span class='ocrx_word' id='word_1_207' title='bbox 104 2551 128 2596; x_wconf 81' lang='lat'>7.</span> <span class='ocrx_word' id='word_1_208' title='bbox 144 2534 261 2587; x_wconf 71' lang='lat' dir='ltr'>rmus.</span> <span class='ocrx_word' id='word_1_209' title='bbox 273 2534 321 2585; x_wconf 89' lang='lat' dir='ltr'>Cui</span> <span class='ocrx_word' id='word_1_210' title='bbox 334 2533 417 2585; x_wconf 68' lang='lat' dir='ltr'>datum</span> <span class='ocrx_word' id='word_1_211' title='bbox 437 2532 526 2583; x_wconf 65' lang='lat' dir='ltr'>stettin</span> <span class='ocrx_word' id='word_1_212' title='bbox 538 2533 582 2581; x_wconf 89' lang='lat' dir='ltr'>im·</span> <span class='ocrx_word' id='word_1_213' title='bbox 626 2533 747 2599; x_wconf 83' lang='lat' dir='ltr'>queritur.</span> <span class='ocrx_word' id='word_1_214' title='bbox 761 2535 811 2582; x_wconf 84' lang='lat' dir='ltr'>En.</span> 
     </span>
    </p>
   </div>
   <div class='ocr_carea' id='block_1_4' title="bbox 311 2758 874 2826">
    <p class='ocr_par' dir='ltr' id='par_1_4' title="bbox 311 2758 874 2826">
     <span class='ocr_line' id='line_1_26' title="bbox 311 2758 874 2826; baseline -0.007 -1"><span class='ocrx_word' id='word_1_215' title='bbox 311 2761 473 2826; x_wconf 81' lang='lat' dir='ltr'>BALBUS</span> <span class='ocrx_word' id='word_1_216' title='bbox 498 2758 702 2824; x_wconf 85' lang='lat' dir='ltr'>CICERONI</span> <span class='ocrx_word' id='word_1_217' title='bbox 730 2759 819 2822; x_wconf 89' lang='lat' dir='ltr'><strong>IMP.</strong></span> <span class='ocrx_word' id='word_1_218' title='bbox 843 2760 874 2822; x_wconf 90' lang='lat' dir='ltr'>S.</span> 
     </span>
    </p>
   </div>
   <div class='ocr_carea' id='block_1_5' title="bbox 64 2942 1144 3359">
    <p class='ocr_par' dir='ltr' id='par_1_5' title="bbox 64 2942 1144 3359">
     <span class='ocr_line' id='line_1_27' title="bbox 116 2942 1142 3041; baseline -0.001 -25"><span class='ocrx_word' id='word_1_219' title='bbox 116 2948 280 3016; x_wconf 81' lang='lat' dir='ltr'>Ousruno</span> <span class='ocrx_word' id='word_1_220' title='bbox 295 2959 351 3029; x_wconf 90' lang='lat' dir='ltr'>te,</span> <span class='ocrx_word' id='word_1_221' title='bbox 366 2943 515 3029; x_wconf 89' lang='lat' dir='ltr'>Cicero,</span> <span class='ocrx_word' id='word_1_222' title='bbox 533 2943 675 3041; x_wconf 89' lang='lat' dir='ltr'>suscipe</span> <span class='ocrx_word' id='word_1_223' title='bbox 693 2965 816 3013; x_wconf 86' lang='lat' dir='ltr'>curam</span> <span class='ocrx_word' id='word_1_224' title='bbox 834 2954 871 3010; x_wconf 92' lang='lat' dir='ltr'>et</span> <span class='ocrx_word' id='word_1_225' title='bbox 885 2942 1142 3041; x_wconf 80' lang='lat' dir='ltr'>cogitationem</span> 
     </span>
     <span class='ocr_line' id='line_1_28' title="bbox 64 3054 1144 3153; baseline -0.003 -26"><span class='ocrx_word' id='word_1_226' title='bbox 64 3054 313 3153; x_wconf 83' lang='lat' dir='ltr'>dignissimam</span> <span class='ocrx_word' id='word_1_227' title='bbox 335 3067 406 3129; x_wconf 83' lang='lat' dir='ltr'>tuae</span> <span class='ocrx_word' id='word_1_228' title='bbox 420 3055 585 3138; x_wconf 81' lang='lat' dir='ltr'>virtutis,</span> <span class='ocrx_word' id='word_1_229' title='bbox 604 3065 645 3121; x_wconf 90' lang='lat' dir='ltr'>ut</span> <span class='ocrx_word' id='word_1_230' title='bbox 659 3056 836 3124; x_wconf 81' lang='lat' dir='ltr'>Cursarem</span> <span class='ocrx_word' id='word_1_231' title='bbox 855 3063 891 3121; x_wconf 93' lang='lat' dir='ltr'>et</span> <span class='ocrx_word' id='word_1_232' title='bbox 909 3054 1144 3149; x_wconf 85' lang='lat' dir='ltr'>Pompeium,</span> 
     </span>
     <span class='ocr_line' id='line_1_29' title="bbox 65 3161 1144 3263; baseline -0.003 -27"><span class='ocrx_word' id='word_1_233' title='bbox 65 3164 220 3263; x_wconf 84' lang='lat' dir='ltr'>perfidia</span> <span class='ocrx_word' id='word_1_234' title='bbox 255 3163 445 3234; x_wconf 89' lang='lat' dir='ltr'>hominum</span> <span class='ocrx_word' id='word_1_235' title='bbox 483 3161 690 3245; x_wconf 87' lang='lat' dir='ltr'>distractos,</span> <span class='ocrx_word' id='word_1_236' title='bbox 723 3184 850 3231; x_wconf 91' lang='lat' dir='ltr'>rursus</span> <span class='ocrx_word' id='word_1_237' title='bbox 880 3162 919 3230; x_wconf 94' lang='lat' dir='ltr'>in</span> <span class='ocrx_word' id='word_1_238' title='bbox 955 3163 1144 3259; x_wconf 86' lang='lat' dir='ltr'>pristinum</span> 
     </span>
     <span class='ocr_line' id='line_1_30' title="bbox 67 3268 1142 3359; baseline -0.002 -12"><span class='ocrx_word' id='word_1_239' title='bbox 67 3273 302 3353; x_wconf 85' lang='lat' dir='ltr'>concordiam</span> <span class='ocrx_word' id='word_1_240' title='bbox 315 3272 477 3351; x_wconf 84' lang='lat' dir='ltr'>reducas.</span> <span class='ocrx_word' id='word_1_241' title='bbox 492 3268 607 3343; x_wconf 89' lang='lat' dir='ltr'>Crede</span> <span class='ocrx_word' id='word_1_242' title='bbox 617 3269 724 3359; x_wconf 88' lang='lat' dir='ltr'>mihi,</span> <span class='ocrx_word' id='word_1_243' title='bbox 740 3273 915 3346; x_wconf 79' lang='lat' dir='ltr'>Caesarem</span> <span class='ocrx_word' id='word_1_244' title='bbox 932 3295 1006 3345; x_wconf 87' lang='lat' dir='ltr'>nou</span> <span class='ocrx_word' id='word_1_245' title='bbox 1023 3270 1142 3345; x_wconf 90' lang='lat' dir='ltr'>solum</span> 
     </span>
    </p>
   </div>
   <div class='ocr_carea' id='block_1_6' title="bbox 67 3376 1182 3922">
    <p class='ocr_par' dir='ltr' id='par_1_6' title="bbox 67 3376 1182 3922">
     <span class='ocr_line' id='line_1_31' title="bbox 67 3376 1140 3481; baseline 0 -26"><span class='ocrx_word' id='word_1_246' title='bbox 67 3376 144 3457; x_wconf 77' lang='lat' dir='ltr'>fore</span> <span class='ocrx_word' id='word_1_247' title='bbox 160 3387 198 3455; x_wconf 90' lang='lat' dir='ltr'>in</span> <span class='ocrx_word' id='word_1_248' title='bbox 214 3400 276 3456; x_wconf 88' lang='lat' dir='ltr'>tua</span> <span class='ocrx_word' id='word_1_249' title='bbox 291 3398 489 3481; x_wconf 81' lang='lat' dir='ltr'>potestate,</span> <span class='ocrx_word' id='word_1_250' title='bbox 507 3381 691 3453; x_wconf 85' lang='lat' dir='ltr'>sedetiam</span> <span class='ocrx_word' id='word_1_251' title='bbox 706 3382 904 3451; x_wconf 83' lang='lat' dir='ltr'>maximum</span> <span class='ocrx_word' id='word_1_252' title='bbox 920 3379 1140 3455; x_wconf 88' lang='lat' dir='ltr'>beneficium</span> 
     </span>
     <span class='ocr_line' id='line_1_32' title="bbox 70 3491 1141 3588; baseline 0.002 -26"><span class='ocrx_word' id='word_1_253' title='bbox 70 3508 105 3564; x_wconf 89' lang='lat' dir='ltr'>te</span> <span class='ocrx_word' id='word_1_254' title='bbox 118 3494 189 3571; x_wconf 85' lang='lat' dir='ltr'>sibi</span> <span class='ocrx_word' id='word_1_255' title='bbox 208 3493 348 3565; x_wconf 90' lang='lat' dir='ltr'>dedisse</span> <span class='ocrx_word' id='word_1_256' title='bbox 365 3493 635 3588; x_wconf 86' lang='lat' dir='ltr'>judicaturum,</span> <span class='ocrx_word' id='word_1_257' title='bbox 658 3493 686 3562; x_wconf 92' lang='lat' dir='ltr'>si</span> <span class='ocrx_word' id='word_1_258' title='bbox 707 3491 778 3562; x_wconf 89' lang='lat' dir='ltr'>huc</span> <span class='ocrx_word' id='word_1_259' title='bbox 796 3506 831 3561; x_wconf 85' lang='lat' dir='ltr'>tc</span> <span class='ocrx_word' id='word_1_260' title='bbox 854 3492 980 3586; x_wconf 87' lang='lat' dir='ltr'>rejicis.</span> <span class='ocrx_word' id='word_1_261' title='bbox 1001 3493 1141 3583; x_wconf 84' lang='lat' dir='ltr'>Velim,</span> 
     </span>
     <span class='ocr_line' id='line_1_33' title="bbox 72 3601 1182 3702; baseline 0.006 -32"><span class='ocrx_word' id='word_1_262' title='bbox 72 3601 162 3676; x_wconf 88' lang='lat' dir='ltr'>idem</span> <span class='ocrx_word' id='word_1_263' title='bbox 180 3605 376 3702; x_wconf 88' lang='lat' dir='ltr'>Pompeius</span> <span class='ocrx_word' id='word_1_264' title='bbox 393 3603 519 3675; x_wconf 83' lang='lat' dir='ltr'>saciat:</span> <span class='ocrx_word' id='word_1_265' title='bbox 537 3606 602 3700; x_wconf 92' lang='lat' dir='ltr'>qui</span> <span class='ocrx_word' id='word_1_266' title='bbox 621 3618 662 3674; x_wconf 93' lang='lat' dir='ltr'>ut</span> <span class='ocrx_word' id='word_1_267' title='bbox 681 3601 811 3673; x_wconf 83' lang='lat' dir='ltr'>adduci</span> <span class='ocrx_word' id='word_1_268' title='bbox 829 3601 890 3672; x_wconf 86' lang='lat' dir='ltr'>tati</span> <span class='ocrx_word' id='word_1_269' title='bbox 914 3615 1080 3700; x_wconf 90' lang='lat' dir='ltr'>tempore</span> <span class='ocrx_word' id='word_1_270' title='bbox 1093 3605 1140 3676; x_wconf 85' lang='lat' dir='ltr'>ad</span> <span class='ocrx_word' id='word_1_271' title='bbox 1179 3627 1182 3639; x_wconf 91' lang='grc'><strong><em>·</em></strong></span> 
     </span>
     <span class='ocr_line' id='line_1_34' title="bbox 74 3712 1139 3810; baseline 0.004 -28"><span class='ocrx_word' id='word_1_272' title='bbox 74 3712 178 3784; x_wconf 81' lang='lat' dir='ltr'>ullam</span> <span class='ocrx_word' id='word_1_273' title='bbox 197 3712 446 3786; x_wconf 90' lang='lat' dir='ltr'>conditionem</span> <span class='ocrx_word' id='word_1_274' title='bbox 463 3714 596 3810; x_wconf 91' lang='lat' dir='ltr'>possit,</span> <span class='ocrx_word' id='word_1_275' title='bbox 619 3715 732 3809; x_wconf 84' lang='lat' dir='ltr'>magis</span> <span class='ocrx_word' id='word_1_276' title='bbox 749 3724 859 3808; x_wconf 89' lang='lat' dir='ltr'>opto,</span> <span class='ocrx_word' id='word_1_277' title='bbox 885 3734 996 3807; x_wconf 88' lang='lat' dir='ltr'>quam</span> <span class='ocrx_word' id='word_1_278' title='bbox 1018 3736 1139 3810; x_wconf 87' lang='lat' dir='ltr'>spero.</span> 
     </span>
     <span class='ocr_line' id='line_1_35' title="bbox 80 3820 1141 3922; baseline 0 -29"><span class='ocrx_word' id='word_1_279' title='bbox 80 3824 137 3895; x_wconf 89' lang='lat' dir='ltr'>Sed</span> <span class='ocrx_word' id='word_1_280' title='bbox 156 3849 271 3922; x_wconf 92' lang='lat' dir='ltr'>quum</span> <span class='ocrx_word' id='word_1_281' title='bbox 298 3825 522 3910; x_wconf 89' lang='lat' dir='ltr'>constiterit,</span> <span class='ocrx_word' id='word_1_282' title='bbox 542 3838 579 3894; x_wconf 92' lang='lat' dir='ltr'>et</span> <span class='ocrx_word' id='word_1_283' title='bbox 596 3826 723 3893; x_wconf 88' lang='lat' dir='ltr'>timere</span> <span class='ocrx_word' id='word_1_284' title='bbox 743 3820 914 3906; x_wconf 87' lang='lat' dir='ltr'>desierit,</span> <span class='ocrx_word' id='word_1_285' title='bbox 942 3832 1020 3889; x_wconf 90' lang='lat' dir='ltr'>tum</span> <span class='ocrx_word' id='word_1_286' title='bbox 1048 3824 1141 3893; x_wconf 89' lang='lat' dir='ltr'>inci-</span> 
     </span>
    </p>
   </div>
   <div class='ocr_carea' id='block_1_7' title="bbox 0 0 1348 4822">
    <p class='ocr_par' dir='ltr' id='par_1_7' title="bbox 0 0 1348 4822">
     <span class='ocr_line' id='line_1_36' title="bbox 0 0 1348 4822; baseline 0 0"><span class='ocrx_word' id='word_1_287' title='bbox 0 0 1348 4822; x_wconf 95' lang='lat' dir='ltr'> </span> 
     </span>
    </p>
   </div>
  </div>
 </body>
</html>
