2686 4822
48 363 92 443 ar.
370 362 417 428 u.
444 364 482 430 r.
511 364 794 432 crcunouts

47 504 124 575 quo
142 483 299 550 Canusio
322 505 429 553 mane
452 485 678 581 Pompeium.
701 491 754 556 Eo
774 482 885 554 modo
906 497 1029 559 autem
1047 504 1140 556 arn·

47 586 150 661 bulat
160 594 290 675 Caesar,
300 606 336 661 et
352 592 392 660 iis
404 591 550 663 diariis²
568 595 725 665 militum
741 593 959 666 celeritatem
980 597 1143 676 incitat,

51 713 92 768 ut
108 700 273 783 timeam,
290 725 336 771 ne
351 703 456 772 citius
467 701 513 772 ad
536 702 788 791 Brundisium,
816 729 925 801 quam
943 729 1039 803 opus
1059 707 1117 777 sit
1134 752 1144 785 ‚

48 811 245 881 accesserit.
270 812 391 896 Dices,
410 811 506 903 Quid
533 817 643 911 igitur
665 813 835 913 proficis,
860 817 923 912 qui
948 818 1147 917 anticipes

49 921 127 1016 ejus
145 923 198 993 rei
216 923 440 1011 molestiam,
463 948 573 1022 quam
597 925 721 997 triduo
746 929 903 999 sciturus
925 927 1004 998 sis?
1028 918 1149 999 Nihil

49 1030 231 1126 equidem.
252 1032 344 1118 Sed,
369 1047 410 1103 ut
433 1059 542 1133 supra
570 1035 661 1123 dixi,
680 1051 800 1107 tecum
825 1035 1050 1134 perlibenter
1072 1036 1151 1107 lo·

50 1165 145 1237 quor
164 1170 172 1211 :
192 1156 228 1213 et
244 1142 352 1214 simul
367 1146 475 1229 scit0,
500 1144 622 1217 labare
641 1171 764 1217 meum
784 1142 1000 1217 consilium³
1016 1142 1120 1216 ittucl
1141 1190 1153 1225 ‚

49 1250 151 1347 quod
170 1255 253 1323 satis
270 1254 341 1348 jam
356 1252 467 1324 fixum
484 1254 686 1327 videbatur.
702 1259 786 1327 Non
799 1256 890 1326 mihi
904 1257 990 1326 satis
1004 1250 1154 1326 idonei

50 1377 138 1432 sunt
166 1376 333 1435 auctores
355 1366 420 1446 iit,
440 1368 503 1463 qui
533 1382 609 1436 ate
638 1365 853 1464 probantur.
871 1365 1000 1455 -Quod
1029 1366 1157 1438 enim

52 1495 225 1568 umquam
237 1498 364 1543 eorum
379 1475 415 1543 in
428 1474 617 1572 republica
634 1475 727 1548 forte
740 1475 875 1547 lactum
891 1477 1053 1553 exstitit?
1066 1480 1159 1547 aul

49 1581 132 1677 quis
151 1580 198 1652 ab
215 1581 272 1654 bis
294 1584 403 1654 ullam
423 1610 500 1656 rem
522 1585 629 1656 laude
655 1584 800 1681 diguam
826 1581 1030 1655 desiderat?
1053 1584 1161 1655 Nec

52 1691 259 1764 mehercule
282 1693 481 1765 laudandos
501 1696 686 1781 existimo,
710 1698 773 1792 qui
794 1708 892 1764 trans
919 1718 1017 1764 mare
1042 1682 1164 1765 belli

51 1802 201 1898 parandi
220 1828 326 1874 eausa
341 1804 496 1902 proiecti
514 1819 599 1875 sunt
615 1805 850 1903 (quamquam
866 1799 964 1874 haec⁵
977 1802 1114 1875 ferend
1124 1812 1170 1863 2

51 1915 284 2009 nouerant),
305 1914 410 1986 video
428 1919 541 2004 enim,
557 1931 735 2012 quantum
751 1912 787 1986 id
802 1912 956 1999 bellum,
970 1927 1006 1983 et
1017 1923 1174 2011 quam

52 2020 263 2117 pestiferum
285 2023 447 2095 futurum
470 2027 534 2095 sit:
549 2025 611 2096 sed
627 2027 1007 2110 memovetunusvir;
1025 2026 1144 2119 cuju
1162 2030 1180 2077 ὅ

52 2128 223 2227 fugientis
252 2159 401 2217 comes,
435 2134 697 2233 rempublicam
733 2135 980 2232 recuperantis
1010 2136 1131 2206 socii!
1168 2138 1184 2183 ⁵

52 2239 178 2310 videor
188 2266 264 2313 esse
282 2242 427 2315 debere.
444 2249 615 2316 Totiesno
633 2247 745 2342 igitur
757 2245 974 2316 sententiam
991 2259 1144 2316 muta&
1174 2224 1188 2293 l

51 2353 126 2448 Ego
147 2365 269 2425 tecum
284 2368 470 2451 tamquam
480 2380 623 2427 mecum
644 2357 775 2453 loquor
789 2357 897 2452 aquis
916 2369 1039 2426 autem
1058 2368 1131 2428 est:
1182 2382 1195 2487 Ξ

52 2475 152 2532 tanta
171 2464 322 2560 quidem
342 2464 463 2550 dere,
489 2471 579 2563 quin
595 2468 693 2538 varie
711 2491 835 2537 secum
856 2468 932 2564 ipse
946 2464 1111 2563 disputet
1183 2495 1195 2525 ·.

52 2574 167 2643 Simul
182 2589 218 2644 et
235 2577 364 2647 elicere
379 2579 488 2674 cupio
500 2582 716 2648 seutentiam
736 2591 856 2664 tuam,
880 2578 909 2646 si
927 2590 1072 2663 manet,
1092 2602 1117 2645 u
1175 2562 1195 2619 ι

51 2680 190 2754 firmior
208 2685 275 2755 sim
290 2713 300 2772 ;
326 2691 355 2756 si
373 2701 509 2756 mutata
528 2702 598 2773 est,
618 2702 657 2756 nt
682 2684 747 2756 tibi
764 2690 948 2757 assentiar.
965 2686 1192 2756 OmninO

52 2791 96 2863 ad
116 2791 170 2880 id,
189 2794 234 2866 de
249 2821 324 2892 quo
337 2794 483 2882 dubito,
501 2799 674 2894 pertinet,
696 2821 755 2866 rue
771 2799 881 2881 scire,
901 2794 1189 2893 quidDomif

51 2904 124 2973 tius
148 2917 294 2974 acturus
321 2907 386 2987 sit,
414 2904 503 3001 quid
524 2921 647 2977 noster
673 2906 862 2977 Lentulus.
887 2910 941 2976 De
964 2908 1184 2978 Domitio!

52 3016 148 3083 varia
167 3012 348 3101 audimus,
368 3014 479 3085 modo
497 3039 574 3086 esse
595 3016 632 3085 iu
658 3014 846 3104 Tiburti⁶,
867 3013 964 3085 haud
983 3012 1152 3112 lepide:

53 3121 155 3220 quod
165 3149 278 3221 quum
302 3124 457 3223 lepidius
470 3127 675 3197 accessisset
691 3126 735 3196 ad
750 3125 886 3196 Urbem
901 3153 909 3195 ε
924 3122 1027 3222 quod
1044 3126 1150 3198 iteu·

52 3400 101 3447 tat.
119 3410 191 3448 mett.
214 3400 272 3445 Bos.
289 3428 322 3435 —
339 3401 383 3447 lstl
399 3400 460 3447 festo
478 3417 567 3447 nomen
651 3402 674 3448 3.
690 3402 771 3447 Memn
794 3398 928 3446 consilinm.
952 3397 1012 3445 Non
1025 3396 1142 3447 exenutlff

52 3480 99 3526 luit
102 3478 214 3544 feralia,
228 3494 241 3523 a
256 3476 372 3535 serendo,
388 3490 415 3525 ut
429 3480 463 3526 ait
472 3481 568 3537 Varro,
612 3496 644 3528 ex
658 3481 738 3528 ltalia.
753 3480 811 3527 Scb.
827 3494 910 3526 errore
931 3477 1016 3541 tapsus
1032 3490 1141 3527 contn-

52 3560 84 3608 de
93 3559 163 3621 Linp
171 3560 257 3615 htv,
266 3560 322 3620 qnia
335 3558 366 3604 ad
376 3558 503 3622 sepulchra
517 3557 568 3605 cibi
612 3559 674 3606 rium
689 3559 794 3623 putavit.
806 3560 851 3605 En.

53 3637 192 3685 ferebantur
213 3635 336 3701 (Macrob.
353 3639 450 3686 saturn.
463 3641 494 3695 1,
519 3637 567 3699 3);
649 3646 674 3692 t.
689 3641 805 3684 ,ductores
818 3636 843 3684 ii.
863 3637 962 3684 Manius
979 3635 1093 3701 Lepidus
1112 3648 1139 3685 et

52 3717 94 3780 qui
108 3732 161 3764 mos
171 3727 195 3763 et
203 3716 269 3779 apud
283 3716 435 3765 Christianos
445 3717 567 3779 eliquam·
612 3720 640 3765 l..
656 3716 872 3774 volutianum,
895 3714 1039 3762 consulares
1051 3715 1135 3763 ambo.

53 3796 97 3845 iliu
109 3796 224 3860 perstitit.
237 3798 283 3843 En.
614 3795 678 3843 vido
688 3812 744 3859 sup.
758 3811 797 3858 ep.
812 3811 838 3857 9.
848 3796 896 3843 En.

89 3892 112 3924 a.
127 3875 226 3924 Diarr't's.
246 3876 308 3924 Cum
320 3875 434 3922 Manutio
448 3875 568 3937 interpm·
651 3878 674 3924 5.
685 3877 753 3921 Herc.
768 3874 857 3934 Quare
873 3872 1119 3923 cremationem.

54 3953 171 4010 tandum,
189 3955 215 4000 iu
228 3952 338 4018 ringulos
352 3952 404 3999 dies
418 3954 510 4013 maJ'om
524 3953 568 3999 sti·
650 3956 676 3999 ti.
687 3957 717 4001 Iu
730 3952 830 4002 Tiburti.
845 3952 901 3999 sch.
912 3968 944 3999 ex
957 3952 1033 3999 varii·
1044 3951 1136 4000 leutio·

54 4032 145 4097 pendio
158 4042 182 4079 et
195 4034 308 4096 praemiis.
322 4033 411 4081 θην.
419 4032 569 4079 -Malebnt
614 4050 673 4081 num
685 4035 710 4080 in
719 4032 793 4081 codd.
808 4032 917 4094 vestigiis
929 4032 965 4077 sic
974 4032 1132 4081 constituit:

53 4110 124 4159 dictis
137 4111 224 4159 llosiua
237 4126 243 4159 :
258 4112 301 4160 sed
316 4128 366 4161 non
378 4110 515 4159 audiendus
523 4123 568 4160 est.
615 4102 713 4159 innodo
726 4126 777 4159 esee
789 4111 815 4159 in
828 4110 926 4159 Tiburti
939 4110 1045 4173 Lepidi,
1061 4108 1132 4159 haud
