2686 4822
170 367 444 437 EPISTOLAE
469 366 537 436 AD
561 362 819 447 ATTICUM,
836 361 958 446 VIII,
988 380 1041 428 11.
1094 380 1138 454 ²7

95 544 295 637 (Sequuntur
317 566 459 639 quatuor
475 548 620 638 epistolae
637 546 788 635 Pompeii
806 560 839 608 et
854 542 1019 608 Ciceronis
1041 539 1120 605 huic

511 651 698 740 adjunctae.)

579 838 621 905 Α.

349 988 499 1061 Luceriae,
517 1008 594 1047 anno
607 992 644 1047 U.
659 991 692 1047 C.
709 995 784 1061 704,
806 1005 904 1045 mense
919 982 1077 1043 februario.

115 1143 183 1209 CN.
196 1143 377 1209 MAGNUS
399 1145 581 1210 PROCOS.
605 1145 653 1209 M.
670 1142 879 1207 CICERONI
901 1140 989 1205 IMP.
1006 1141 1040 1204 S.
1055 1139 1096 1203 1).

112 1302 275 1391 Qumrus
296 1304 428 1373 Faetus
443 1301 488 1373 ad
508 1326 566 1372 me
589 1300 689 1372 venit
707 1324 737 1372 a.
761 1297 795 1370 d.
821 1323 858 1370 ιν
877 1296 1022 1369 kalend.
1045 1295 1136 1370 febr.

58 1412 97 1481 Is
117 1413 262 1482 nuntiat
280 1415 321 1482 L.
344 1413 544 1483 Domitium
573 1435 658 1483 cum
691 1410 764 1482 suis
791 1406 1004 1480 cohortibus
1020 1434 1075 1495 xi,
1103 1420 1142 1479 et

60 1518 278 1609 cohortibus
299 1546 383 1610 x1v,
403 1546 493 1619 quas
517 1518 700 1592 Vibullius
725 1517 894 1608 adduxit,
921 1518 967 1589 ad
988 1543 1048 1588 me
1071 1520 1141 1589 iter

60 1628 217 1716 habere,
246 1629 414 1702 habuisse
436 1633 613 1701 inanimo
639 1628 818 1729 proficisci
845 1627 1027 1714 Corfinio,
1052 1653 1082 1698 a.
1102 1625 1137 1698 d.

62 1760 86 1805 v
100 1737 146 1809 id.
166 1737 259 1810 febr.
277 1744 314 1811 C.
326 1742 474 1812 Hirrum
489 1765 573 1812 cum
583 1767 605 1810 v
616 1739 828 1812 cohortibus
842 1737 1030 1836 subsequi
1043 1743 1138 1809 Ceu·

65 1868 144 1936 seo,
164 1846 210 1920 ad
229 1874 297 1921 nos
316 1853 504 1924 Luceriam
527 1853 652 1923 venias
672 1877 681 1922 :
701 1875 786 1921 nam
812 1863 848 1921 te
875 1847 936 1921 hic
960 1851 1137 1921 tutissime

68 1971 151 2053 puto
170 1957 261 2031 fore.

579 2136 616 2201 B.

348 2294 486 2367 Formiis,
502 2315 580 2354 auno
592 2300 629 2356 U.
643 2298 676 2356 C.
693 2303 768 2369 704,
785 2314 884 2353 mense
896 2292 1056 2354 februario.

125 2450 172 2517 Μ.
188 2450 348 2516 CICERO
371 2452 461 2517 IMP.
485 2453 556 2518 CN.
578 2452 739 2518 MAGNO
772 2452 949 2517 PROCOS.
972 2453 1004 2517 S.
1027 2451 1070 2515 1).

109 2609 147 2677 A.
168 2604 203 2677 d.
224 2632 272 2695 η
288 2604 432 2679 kalend.
448 2623 551 2679 mart.
570 2608 723 2680 Formiis
742 2610 865 2706 accepi
887 2584 968 2680 tua's
992 2609 1135 2682 literas:

67 2715 260 2816 exquibus
281 2744 341 2803 ea,
363 2744 443 2817 quae
467 2720 504 2789 iu
532 2742 617 2817 agro
642 2720 775 2791 Piceno
802 2733 901 2818 gesta
923 2734 1042 2808 eraut,
1073 2746 1137 2792 co-

65 2828 169 2920 gnovi
189 2828 437 2900 commodiora
458 2854 533 2900 esse
555 2828 692 2918 multo,
717 2856 828 2928 quam
854 2842 919 2902 ut¹
941 2846 1018 2903 erat
1031 2830 1137 2903 nobis

65 2939 295 3023 nuntiatum3
325 2938 551 3037 Vibulliique
580 2941 751 3011 virtutem
778 2939 1067 3039 industriamque
1093 2941 1137 3012 li·

62 3042 191 3119 benter
213 3050 354 3144 agnovi.
379 3052 455 3120 Nos
474 3050 593 3121 adhuc
610 3052 648 3119 in
665 3075 706 3122 ea
724 3077 811 3138 ora,
836 3050 923 3121 ubi²
954 3053 1137 3150 praepositi

61 3180 199 3245 sumus,
216 3159 266 3227 ita
283 3154 438 3248 fuimus,
453 3174 494 3231 ut
512 3184 639 3231 navem
660 3176 819 3259 paratam
834 3159 1053 3233 haberemus
1068 3189 1076 3230 :
1094 3188 1137 3233 ea

61 3268 157 3337 enim
174 3266 433 3357 audiebamus,
451 3284 488 3341 et
501 3295 544 3341 ea
554 3269 785 3357 verebamur,
799 3284 860 3358 ut,
874 3271 1136 3369 quodcumque

61 3389 98 3447 tu
127 3376 351 3448 consilium³
381 3383 631 3479 praecepisses,
652 3380 691 3451 id
708 3380 815 3453 nobis
840 3383 1136 3481 persequendum

60 3501 282 3582 putaremus.
295 3492 421 3579 Nunc,
435 3492 609 3588 quoniam
624 3494 837 3564 auctoritate
852 3509 888 3565 et
902 3492 1052 3565 consilio
1070 3508 1136 3567 tuo

61 3597 95 3667 in
113 3621 179 3695 spe
198 3595 358 3671 firmiore
378 3625 523 3688 sumus;
541 3604 570 3671 si
594 3607 709 3673 teneri
727 3625 833 3700 posse
850 3618 956 3702 putas
974 3606 1135 3674 Tarraci-

62 3706 189 3797 naml,
208 3725 244 3780 et
262 3734 363 3781 oram
384 3713 619 3801 maritimam,
638 3713 677 3783 iu
699 3738 742 3784 ea
756 3713 913 3787 manebo
934 3743 941 3785 ε
960 3715 1027 3786 etsi
1041 3738 1134 3812 prae·

96 3944 119 3977 ι.
134 3932 175 3978 tle.
185 3932 243 3979 Em.
255 3942 284 3979 ue
295 3944 436 3998 suspectum
449 3946 495 3982 est.
508 3936 555 3983 llo.
655 3936 682 3984 ³.
695 3935 837 3984 Consilium.
851 3935 908 3984 Sola.
920 3947 978 4000 poet
987 3938 1083 3986 Emest.
1093 3938 1136 3986 do-

95 4021 121 4054 ι.
140 4008 195 4057 uti.
216 4011 312 4061 Ftnoot.
332 4014 440 4061 correxit
454 4012 502 4062 cui.
516 4014 575 4062 Sch.
619 4014 666 4074 let,
681 4025 710 4062 ut
723 4015 851 4078 glossatori
865 4014 984 4064 debitum.
999 4019 1046 4065 En.

65 4086 159 4149 recepit.
174 4089 218 4139 Eu.
655 4102 678 4151 4.
693 4093 862 4142 Tarracinam.
872 4095 955 4158 Inque
965 4106 1017 4143 ent
1026 4095 1133 4143 Rutilius
