2686 4822
132 324 156 394 6
427 325 477 393 M.
504 327 544 394 T.
571 324 856 394 CICERONIS

78 495 80 499 ν
132 448 208 518 Nos
232 447 388 530 interea,
418 469 465 516 ne
491 449 622 543 Capuae
649 442 819 543 quidem,
847 442 910 513 sed
939 445 1097 515 Luceriae
1127 474 1135 516 :
1168 463 1205 518 ct

131 579 233 627 oram
247 553 395 651 quidem
406 548 643 625 maritimam⁸
654 555 727 648 jam
738 552 1003 649 relinquemus;
1017 552 1205 627 Afranium

131 658 439 763 exspectabimus,
460 679 496 737 et
516 665 696 735 Petreium
705 673 731 733 ⁹.
746 666 838 734 Nam
861 665 899 733 in
918 663 1119 736 Labieno¹⁰
1142 691 1205 763 pa-

130 799 213 847 rum
229 788 282 847 est
300 773 493 870 dignitatis.
514 776 580 845 Hic
598 789 640 845 tu
658 779 696 846 in
712 799 794 844 me:
811 772 905 844 Illud
920 772 1048 862 des,id
1062 773 1205 847 feras¹¹.

130 884 229 957 Nihil
255 882 301 954 de
330 910 388 955 me
414 885 517 971 dic0;
549 884 608 955 alii
631 883 798 955 viderint.
826 885 892 954 Hic
913 882 1104 981 quidem¹²
1123 911 1206 982 quae

132 992 210 1065 est?
235 995 342 1064 Domi
370 1008 494 1064 vestrae
522 996 626 1081 estis,
658 993 815 1065 eteritis
844 1016 979 1065 omnes.
995 993 1094 1066 boni.
1115 998 1207 1085 Quis

133 1118 213 1175 tum
244 1127 283 1174 se
314 1103 403 1172 mihi
431 1127 507 1175 non
533 1100 763 1175 ostendit1³?
781 1105 863 1199 quis
890 1127 990 1175 nunc
1015 1105 1114 1176 adest
1137 1105 1207 1176 hoc

132 1213 254 1285 bello?
279 1215 330 1284 sic
360 1214 457 1284 enim
486 1214 561 1309 jam
593 1212 852 1311 appellandum
873 1228 937 1285 est.
968 1213 1118 1286 Vibullii
1148 1241 1207 1287 res

131 1337 239 1420 gestae
260 1336 346 1392 sunt
369 1323 489 1394 adhuc
512 1327 685 1394 maximae.
713 1323 755 1395 Id
782 1349 825 1394 ex
859 1324 1065 1422 Pompeius
1096 1326 1208 1397 literis

132 1455 328 1527 cognosces
346 1460 354 1503 ε
369 1433 407 1508 in
425 1431 559 1529 quibus
573 1431 848 1505 animadvertito
862 1433 965 1506 illum
981 1435 1124 1522 locum,
1143 1435 1209 1506 ubi

134 1541 202 1611 crit
223 1533 373 1614 dteti¹⁵.
392 1536 559 1624 Videbis,
582 1537 628 1610 de
651 1542 758 1609 Cnaeo
781 1554 910 1611 nostro
935 1544 1010 1637 ipse
1026 1538 1208 1612 Vibullius

133 1647 223 1745 quid
238 1649 426 1719 existimet.
441 1651 525 1740 Quo
541 1650 651 1745 igitur
666 1648 741 1721 haec
753 1664 890 1747 spectat
905 1650 1041 1721 oratio?
1056 1676 1123 1748 ego
1140 1676 1208 1749 pro

171 1848 196 1896 8.
208 1846 449 1896 Orammuritimam.
463 1847 573 1910 Intellige
582 1863 648 1894 mere
690 1858 769 1912 putet.
785 1847 953 1907 Prooemium,
966 1848 1063 1912 iuquit,
1082 1860 1124 1897 est.
1139 1848 1213 1911 Quod

136 1927 254 1983 inferum,
263 1926 303 1973 vel
314 1925 476 1990 Tyrrhenum.
489 1926 535 1971 En.
694 1925 778 1983 dedit,
792 1926 889 1990 recepit.
904 1928 961 1974 Huc
977 1936 1070 1990 spectet
1083 1925 1145 1973 illud
1159 1929 1211 1974 llu-

172 2022 198 2070 9.
208 2003 343 2070 Afranium
357 2014 382 2051 ee
394 2003 524 2052 Petreium.
538 2003 650 2067 Pompeii
695 2007 814 2054 mericnm
825 2004 925 2064 Iliadis,
938 2006 1004 2064 XX,
1020 2007 1088 2053 250:
1103 1993 1211 2054 ὁπποῖόν

141 2089 167 2135 iu
181 2085 296 2150 Hispania,
305 2084 408 2146 legatos.
424 2084 504 2131 Corn.
695 2089 718 2132 κ’
728 2082 828 2149 εἴπῃσθα
845 2084 913 2144 inec,
933 2083 995 2134 τοῖόν
1014 2088 1036 2132 tt'
1053 2083 1210 2143 ἐπακούσαις.

179 2181 218 2213 10.
239 2163 358 2210 Labieno.
385 2164 423 2209 De
448 2178 498 2225 qno
524 2164 652 2220 Lucanus,
696 2165 875 2214 Rosius—J.
884 2168 915 2211 V.
927 2167 954 2212 L.
966 2175 1035 2230 putet
1048 2165 1211 2227 fragmentum

140 2244 247 2295 Pbtretl.
258 2246 291 2301 V,
316 2243 365 2300 345
379 2256 385 2288 :
412 2242 517 2289 uFortie
538 2242 563 2288 in
581 2242 653 2289 anuis
696 2243 998 2292 eseeeomoediaeveterie.
1015 2242 1210 2306 Sicnpudnos:

142 2324 257 2374 Caesareis
272 2321 391 2370 Labienus
409 2331 474 2380 eret,
493 2337 558 2369 nuuc.
578 2331 654 2368 treus·
697 2343 709 2363 ·
720 2323 826 2371 C'eetun
839 2321 908 2386 prete
919 2322 1028 2370 tenda».
1043 2322 1170 2370 Ernestius
1180 2325 1213 2371 fe·

131 2406 196 2475 ,fuge
210 2402 265 2450 vilis
275 2425 295 2450 n.
306 2403 387 2450 Corn.
420 2413 422 2417 ·
697 2411 765 2449 tetur
776 2418 801 2448 ee
809 2417 860 2461 uon
871 2400 1016 2465 intelligere.
1024 2399 1120 2448 Schiitz.
1133 2401 1213 2449 minus

180 2495 220 2529 ιι.
241 2479 311 2530 Illud
327 2479 387 2536 des,
400 2474 514 2540 Μίνω.
539 2477 583 2525 His
600 2493 654 2526 ver·
695 2480 799 2529 feliciter
814 2480 1086 2541 confictu-tticum
1099 2495 1138 2527 me
1147 2480 1213 2529 idem

140 2562 179 2609 bis
186 2561 281 2618 Cicero,
288 2571 410 2621 tamquam
419 2573 450 2604 ex
456 2557 533 2604 Attici
540 2573 653 2620 persone,
695 2559 757 2608 illud
770 2558 892 2607 desideres
899 2582 920 2609 n.
939 2562 986 2608 En.
997 2587 1032 2596 -
1042 2559 1123 2619 Hujus
1137 2576 1213 2608 nuno·

140 2642 250 2706 sibiipsi
267 2640 358 2700 objecit
375 2638 471 2701 elegans
483 2637 652 2701 proverbium,
697 2639 797 2688 tutionis
808 2638 938 2687 utilitatem
947 2638 1085 2702 intelligent
1099 2640 1212 2700 facilins,

142 2737 192 2785 quo
218 2719 371 2775 monebatur,
390 2729 420 2765 ut
438 2715 653 2774 honorificentius,
697 2720 742 2782 qui
759 2719 873 2776 scierint,
887 2719 913 2765 in
934 2719 988 2766 eliis
1003 2718 1154 2766 editionibus
1164 2719 1215 2768 boo

142 2817 216 2864 quem
226 2798 301 2845 modo
312 2797 411 2853 lecerat,
422 2795 565 2858 loqueretur
574 2796 604 2844 de
613 2798 656 2843 La·
699 2798 790 2845 fuisse:
809 2798 878 2846 «Hie
897 2809 924 2846 tu
938 2798 965 2846 in
983 2814 1022 2845 me
1035 2798 1099 2845 illud
1118 2798 1215 2847 deside·

142 2881 231 2936 hietro,
242 2879 268 2925 iu
278 2892 329 2940 qno
344 2876 440 2923 dixerat
457 2891 544 2940 parum
557 2891 609 2924 esse
619 2876 657 2923 di·
700 2893 737 2925 ree
747 2899 770 2926 ι.
785 2878 961 2938 Homericum,
980 2879 1026 2942 qui
1044 2878 1092 2926 huc
1111 2892 1124 2923 e
1139 2879 1215 2927 Bosio

145 2958 256 3024 gnitutie3
268 2957 288 3002 si
298 2954 397 3019 quidem
408 2955 459 3018 ipse
473 2953 545 3001 vellet
556 2954 657 3003 aliosde
700 2956 839 3020 adducitur,
850 2973 946 3004 versum
960 2957 995 3005 sic
1006 2955 1113 3004 reddidit
1125 2959 1214 3006 Fraus.

145 3056 172 3086 se
186 3052 241 3084 cum
254 3035 326 3083 leude
340 3033 417 3097 loqui.
432 3035 521 3081 Sensus
535 3045 589 3082 est:
601 3038 657 3084 Hoc
701 3035 815 3084 Odinue:
833 3038 916 3084 ·voce
932 3036 992 3084 feris
1001 3035 1078 3092 ulios,
1089 3035 1182 3083 ferieris
1191 3048 1217 3085 et

144 3119 203 3166 loco
222 3126 250 3164 tu
265 3113 325 3162 milti
341 3113 444 3173 objicies
458 3113 616 3176 proverbium
626 3115 658 3162 il·
701 3116 753 3179 ipse
764 3116 903 3164 vicissim».
915 3117 1023 3163 Omne.

144 3197 203 3254 lud,
215 3218 227 3237 α
235 3196 255 3243 si
268 3193 362 3257 aliquid
377 3192 489 3250 dederis,
502 3193 528 3240 id
537 3194 606 3256 quod
616 3195 659 3243 de·
740 3208 782 3243 ιι.
796 3195 843 3242 Hie
853 3193 961 3258 quidem.
974 3196 1001 3243 J.
1012 3196 1045 3244 V.
1061 3196 1088 3243 L.
1100 3195 1217 3260 intelligit

146 3278 210 3327 deris
222 3276 328 3339 accipies
343 3296 362 3322 ι.
384 3277 469 3336 ltaque
482 3275 539 3337 quia
554 3275 604 3324 dixi
618 3293 659 3340 pu·
701 3275 728 3321 in
739 3273 807 3321 omni
816 3275 899 3335 ltalia,
912 3274 937 3321 in
949 3273 1062 3321 universe
1074 3290 1128 3338 rep.
1137 3276 1185 3323 En.

147 3374 200 3406 rum
214 3372 265 3403 esse
277 3354 402 3418 dignitatis
416 3353 440 3399 iu
457 3353 578 3411 Labieno,
594 3356 658 3403 futu·
739 3353 779 3400 ¹3.
792 3352 913 3402 Tnnstell.
924 3369 951 3417 p.
961 3353 1004 3409 63,
1013 3353 1130 3413 conjicit,
1139 3356 1217 3416 *Quis

146 3447 248 3487 rumest
258 3444 286 3483 ut
299 3433 419 3483 labienus
429 3432 531 3496 ipee,et
544 3434 585 3481 elii
599 3436 659 3485 mibi
701 3431 767 3480 istim
789 3449 815 3480 ee
835 3432 895 3480 mibi
913 3447 979 3480 nuuc
994 3431 1140 3480 ostendere»
1158 3434 1219 3480 Om-

148 3532 192 3580 per
198 3516 252 3578 pari
258 3513 368 3568 reserent,
378 3510 658 3575 dicuntquedignitttem
702 3512 762 3560 nino
778 3534 789 3552 «ι
803 3527 889 3559 nuncu
898 3508 1077 3575 accipiendum.

148 3597 174 3643 iu
187 3609 225 3641 me
241 3608 339 3660 quoque
360 3589 501 3639 desiderari.
515 3593 606 3640 Verum
628 3594 660 3640 eit
725 3599 783 3655 pti.
803 3589 913 3653 Pompeii
922 3588 1005 3636 liten's.
1020 3588 1060 3635 Ad
1074 3590 1216 3653 Pompeium

149 3691 227 3725 necne
244 3672 338 3736 aliquid
358 3672 384 3718 in
400 3687 439 3718 me
456 3671 594 3734 diguitatis,
608 3671 661 3718 aliis
703 3669 800 3717 missis:
815 3679 843 3717 ut
859 3684 898 3731 ep.
913 3669 961 3725 23,
976 3667 1021 3714 lib.
1036 3668 1102 3716 VII:
1116 3691 1129 3709 u
1140 3668 1218 3717 Cassii

147 3754 307 3819 judicandum
322 3752 444 3815 relinquo.
459 3751 528 3800 Nihil
544 3751 609 3798 enim
631 3750 661 3798 de
703 3749 810 3796 litcraen.
820 3749 893 3795 Mtte.

150 3854 190 3885 me
212 3835 279 3882 dico.
302 3831 415 3879 Meminit
434 3831 506 3891 bujus
524 3829 663 3894 proverbii,
744 3827 785 3875 15.
807 3828 889 3880 Διπλῆ.
904 3826 988 3874 Genus
999 3835 1074 3872 ηοω.
1084 3824 1148 3873 Vide
1162 3829 1217 3874 Me-

151 3927 195 3965 eut
207 3923 272 3961 certe
283 3910 381 3959 alterius
399 3911 457 3957 huic
468 3909 568 3968 similis,
580 3910 662 3957 Doun-
705 3907 803 3970 ungium
815 3905 847 3954 nd
861 3905 935 3969 Diog.
956 3906 1034 3954 bert.
1057 3907 1108 3962 111,
1120 3903 1163 3954 66.
1177 3907 1218 3953 sio

152 3982 393 4044 madeumto'eum
406 3988 579 4046 Phormionis,
594 3986 664 4051 qnod
706 3987 770 4033 dieta
788 3986 845 4050 quie
866 3984 959 4050 duplici
981 3985 1044 4033 linet
1062 3985 1216 4033 formaretur.

152 4075 185 4125 ab
202 4072 254 4138 ipio
270 4069 374 4118 allatum
386 4079 436 4126 ese,
452 4067 481 4116 id
495 4065 543 4116 sibi
558 4066 662 4114 relatum
705 4065 767 4115 vid.
782 4065 840 4114 uid.
852 4063 962 4130 Etymol.
973 4065 993 4112 l.
