2686 4822
498 335 546 404 Μ.
562 337 608 404 Τ.
642 335 937 407 CICERONIS

183 510 1254 553 mmmmmm

511 696 807 777 EPISTOLA
833 698 918 813 111.
1114 583 1142 654 v

185 857 310 933 Quaerit,
326 869 442 925 utrum,
456 856 481 915 si
500 857 654 935 Pompeius
669 857 753 915 ltalia
770 857 867 930 cedat,
883 858 945 937 ipse
960 875 1091 934 maneat3
1107 881 1144 920 an
1165 868 1257 923 Pom-

220 955 321 1035 peium
329 967 481 1033 sequatur:
495 965 525 1010 et
535 952 687 1030 utriusque
697 953 810 1012 consilii
821 967 967 1013 momenta
978 959 1107 1036 exponit.
1121 961 1257 1038 Denique

222 1051 374 1131 quae‚dum
386 1051 448 1110 haec
455 1048 606 1121 scriberet,
620 1050 675 1128 ipsi
685 1050 722 1108 de
732 1054 843 1110 Caesare
857 1064 886 1109 et
897 1053 1027 1112 Domitio
1041 1056 1172 1115 nuntiata
1186 1058 1255 1131 sint,

223 1149 323 1212 refert.
339 1149 387 1229 (In
402 1148 525 1221 Caleno,
539 1166 616 1206 anno
624 1152 663 1208 U.
674 1151 706 1207 C.
718 1158 774 1222 704
785 1191 793 1219 ‚
806 1168 905 1208 mense
919 1148 1093 1230 febmario.)

520 1328 677 1393 CICERO
699 1326 862 1393 ATTICO
883 1328 918 1393 S.

229 1470 397 1542 Maximis
421 1477 458 1533 et
480 1462 689 1533 miserrimis
715 1459 826 1532 rebus
857 1462 1110 1558 perturbatus,
1138 1489 1256 1562 quum

182 1600 305 1648 coram
332 1589 453 1646 tecum
479 1573 570 1645 mihi
601 1586 763 1671 potestas
789 1571 1013 1644 deliberandi
1039 1599 1115 1645 non
1142 1591 1255 1665 esset,

181 1689 235 1758 uti
253 1701 373 1757 tamen
392 1699 458 1755 tuo
477 1684 628 1755 consilio
642 1683 752 1754 volui.
766 1683 987 1762 Deliberatio
1001 1699 1122 1754 autem
1138 1689 1257 1759 omnis

181 1794 257 1865 haec
276 1809 330 1866 est
356 1822 363 1864 :
386 1795 416 1863 si
435 1794 628 1895 Pompeius
648 1793 749 1863 Italia
770 1791 893 1882 cedat,
915 1793 1016 1891 quod
1036 1820 1120 1865 eum
1139 1793 1258 1867 factu·

181 1930 263 1977 rum
283 1929 359 1976 esse
376 1905 561 2002 suspicor,
578 1902 668 2000 quid
679 1903 769 1973 mihi
789 1904 969 2001 agendum
986 1918 1112 2002 putes;
1131 1921 1257 2003 etque

180 2016 320 2089 facilius
340 2017 531 2088 consilium
550 2015 636 2087 dare
652 2019 784 2113 possis,
804 2015 894 2113 quid
912 2018 949 2086 in
968 2032 1160 2114 utramque
1175 2043 1259 2116 par·

181 2143 257 2200 tem
279 2127 369 2197 mihi
387 2128 425 2197 in
443 2141 605 2197 mentem
627 2129 769 2213 veniat,
791 2124 980 2223 explicabo
999 2124 1110 2197 brevi.
1132 2131 1258 2218 Quum

181 2239 310 2308 merita
331 2237 495 2334 Pompeii
514 2259 655 2306 summa
676 2258 760 2330 erga
780 2234 931 2305 salutem
952 2260 1088 2325 meam,
1108 2233 1259 2310 familia-

181 2349 359 2445 ritasque,
380 2370 460 2443 quae
476 2345 565 2416 mihi
592 2369 676 2416 cum
694 2368 738 2414 eo
755 2359 828 2432 est,
851 2359 928 2415 tum
951 2348 1029 2442 ipsa
1049 2345 1260 2443 reipublicae

182 2484 288 2533 causa
307 2484 366 2530 me
390 2456 557 2544 adducit,
576 2470 618 2528 ut
639 2456 728 2526 mihi
747 2455 802 2526 vel
821 2456 1013 2527 consilium
1031 2480 1153 2527 meum
1173 2481 1258 2529 cum

181 2571 278 2642 illius
300 2553 470 2653 consilia,
496 2567 554 2639 vel
581 2565 727 2637 fortuna
752 2564 862 2664 [cum
890 2565 1079 2667 fortuna1]
1104 2569 1258 2664 conjun-

181 2679 300 2776 genda
314 2703 389 2749 esse
403 2677 580 2747 videatur.
601 2676 748 2747 Accedit
765 2675 853 2748 ittud
871 2703 880 2746 z
896 2679 925 2749 si
940 2702 1086 2765 maneo,
1102 2693 1138 2749 et
1155 2679 1259 2750 illum

182 2788 397 2861 comitatum
421 2788 644 2885 optimorum
668 2800 705 2857 et
728 2786 1007 2859 clarissimorum
1030 2790 1165 2860 civium
1193 2790 1259 2861 de·

183 2922 281 2986 sero,
307 2895 510 2969 cadendum
540 2910 595 2971 est
625 2896 664 2967 in
689 2899 797 2967 unius
822 2912 1059 2995 potestatem3
1085 2905 1169 2996 qui,
1191 2905 1260 2971 etsi

183 3008 309 3080 multis
330 3006 442 3079 rebus
460 3005 638 3103 significat
666 3031 704 3078 se
728 3006 835 3079 nobis
854 3033 931 3079 esse
947 3010 1120 3094 amicum,
1144 3023 1200 3097 et,
1218 3025 1261 3080 ut

183 3134 297 3205 esset,
316 3143 404 3189 ame
421 3132 473 3188 est
485 3119 585 3214 (tute
601 3117 693 3212 scis)
714 3133 866 3215 propter
882 3119 1126 3216 suspicionem
1152 3118 1261 3214 hujus

184 3227 430 3327 impendentis
446 3230 670 3323 tempestatis
686 3226 803 3297 multo
818 3241 905 3297 ante
915 3229 1120 3325 provisum,
1137 3242 1260 3299 tamen

183 3354 382 3434 utrumque
412 3335 714 3408 considerandum
738 3352 814 3426 est,
837 3352 875 3408 et
897 3352 1033 3435 quanta
1052 3337 1142 3409 fides
1158 3340 1191 3409 ei
1215 3343 1261 3410 sit

184 3447 372 3536 habenda;
391 3462 446 3534 et,
462 3450 491 3518 si
505 3449 659 3519 maxime
676 3448 924 3546 exploratum,
945 3473 1028 3547 eum
1048 3447 1155 3520 nobis
1174 3452 1259 3519 ami·

125 3637 128 3643 ,
184 3584 269 3631 cum
286 3557 383 3646 sore,
414 3560 508 3630 sitne
532 3560 600 3630 viri
619 3559 722 3629 fortis
744 3572 780 3629 et
808 3558 897 3630 boni
933 3559 1039 3646 civis,
1060 3582 1137 3630 esse
1160 3559 1198 3628 in
1219 3584 1261 3633 ea

183 3668 296 3756 urbe,
316 3670 354 3741 in
379 3694 452 3766 qua
477 3693 592 3766 quum
618 3670 770 3739 summis
797 3666 999 3739 honoribus
1025 3669 1261 3767 imperiisque

183 3803 272 3851 usus
291 3781 355 3868 sit,
372 3805 429 3851 res
450 3783 622 3850 maximas
640 3780 810 3876 gesserit,
828 3777 1030 3850 sacerdotio
1049 3781 1095 3850 sit
1112 3779 1260 3877 amplis·

227 3994 249 4027 1.
264 3977 346 4026 Verba
360 3994 415 4025 cam
426 3977 536 4037 senuna
550 3988 608 4026 aunt
624 3978 703 4026 ceola
747 3979 885 4028 Ernestium
895 3981 965 4028 uncia
978 3978 1133 4027 includimus.
1150 3982 1166 4029 J
1169 4014 1174 4025 .
1187 3983 1219 4029 V.
1233 3984 1260 4031 1.

184 4060 324 4122 conjectura
348 4057 506 4122 Metapinae.
534 4059 621 4121 taque
646 4068 703 4123 port
748 4058 843 4107 -8ο1ι,
851 4060 904 4110 haec
914 4059 1001 4124 recipit
1012 4058 1039 4106 in
1050 4067 1149 4109 textum.
1161 4059 1206 4107 En.
