2686 4822
154 370 431 451 urrsronu
455 382 526 449 ao
551 381 812 466 trucum,
831 382 949 466 vin,
977 404 1031 449 ια.
1083 376 1128 476 37

64 501 199 599 reliquae
221 507 334 602 copiae
346 528 473 574 omnes
491 502 725 575 Brundisium
743 517 973 600 cogerentur,
988 519 1025 575 et
1042 503 1128 575 inde
1188 542 1192 554 ·
1215 523 1219 533 ·

65 612 203 685 navibus
224 614 489 711 Dyrrhachium
508 628 855 712 transportarentur.
872 616 997 699 Nunc,
1013 638 1129 711 quum

63 721 122 792 hoc
143 736 308 821 tempore
335 723 451 794 nihilo
475 725 587 818 magis
612 748 699 821 ego,
724 748 834 820 quarn
855 748 942 811 vos,
964 722 1129 795 subsidio

58 833 213 904 Domitio
234 835 287 905 ire
310 835 466 931 possim,
490 859 616 932 seper
640 837 811 905 montest
829 834 1026 931 explicare;
1053 830 1131 905 nou

58 957 106 1012 est
135 942 243 1014 nobis
273 945 602 1031 committendum,
621 958 662 1016 ut
689 944 734 1015 ad
763 944 827 1015 has
854 969 914 1013 xiv
938 943 1131 1029 cohortes,

57 1077 142 1148 quas
158 1078 227 1152 ego
244 1053 359 1125 dubio
380 1057 501 1126 animo
518 1054 657 1140 heheu,
675 1054 790 1125 hostis
807 1052 996 1140 accedere,
1015 1057 1131 1124 autin

57 1164 182 1235 itinere
197 1189 255 1235 me
276 1171 452 1263 consequi
469 1167 593 1263 possit.
617 1161 867 1253 Quamobrem
885 1163 1059 1261 placitum
1075 1180 1130 1235 est

54 1274 158 1360 mihi,
176 1300 218 1345 ac
239 1276 288 1345 ita
305 1275 412 1347 video
431 1277 571 1348 censeri
588 1274 780 1359 Marce110,
804 1289 841 1344 et
856 1277 992 1361 ceteris
1013 1276 1127 1346 nostri

56 1380 211 1471 ordinis,
235 1387 299 1481 qui
321 1384 380 1457 hic
400 1400 506 1476 sunt,
530 1401 571 1457 ut
590 1383 824 1455 Brundisium
844 1383 1016 1455 ducerem
1033 1384 1129 1455 hanc

50 1499 215 1595 copiam,
234 1524 344 1596 quarn
365 1525 508 1572 mecum
530 1498 661 1571 habeo.
687 1504 763 1571 Vos
787 1498 927 1585 hortor,
949 1513 991 1569 ut
1008 1498 1128 1595 quod·

49 1631 210 1706 cunique
242 1611 396 1680 militum
428 1610 644 1681 contrahere
672 1610 859 1707 poteritis,
887 1608 1129 1695 contrahatis,
1207 1595 1215 1609 ⁴

48 1733 86 1787 et
106 1719 236 1791 eodem
256 1723 406 1792 veniatis
422 1746 531 1819 quam
550 1722 723 1819 primum.
818 1816 824 1827 θ

98 1833 227 1915 Arrna,
248 1856 330 1928 quae
354 1831 400 1903 ud
423 1857 483 1901 me
502 1833 647 1902 missuri
669 1832 795 1915 eratis,
820 1830 881 1914 iis,
904 1852 1052 1917 censeo,
1075 1854 1131 1899 ar·

53 1943 156 2012 metis
172 1941 322 2029 milites,
338 1968 431 2039 quos
452 1941 645 2013 vobiscum
665 1939 817 2012 habetis.
842 1940 931 2028 Quae
952 1964 1051 2011 arma
1070 1965 1128 2011 su·

45 2047 255 2147 perabunt,
281 2076 322 2121 ea
352 2055 381 2122 si
409 2051 643 2123 Brundisium
672 2052 846 2148 jumentis
873 2048 1126 2148 deportaritis,

44 2160 284 2232 uehementer
311 2160 521 2261 reipublicu.²
543 2160 765 2260 promeritis.
791 2165 846 2232 De
870 2160 938 2231 hac
959 2185 997 2230 re
1018 2160 1127 2233 velim

47 2286 191 2342 nostros
215 2276 387 2343 certiores
401 2271 558 2345 faciatis:
580 2297 647 2369 ego
662 2270 708 2343 ad
721 2276 758 2342 P.
776 2267 942 2369 Lupum⁵
957 2284 993 2340 et
1008 2272 1047 2340 C.
1060 2275 1128 2341 Co·

48 2379 224 2477 ponium⁶
245 2400 415 2480 prretores
430 2386 533 2470 misi,
547 2396 589 2453 ut
599 2409 637 2454 se
653 2381 761 2466 nobis
775 2381 1061 2476 conjungerent,
1076 2394 1125 2465 et,

54 2491 209 2563 militum
231 2493 333 2590 quod
352 2493 548 2581 haberent,
566 2494 610 2565 ad
630 2517 694 2562 vos
711 2489 946 2563 deducerent.

84 2691 107 2747 d.
125 2691 158 2735 Se
174 2704 222 2753 per
242 2700 342 2736 moritu.
371 2690 427 2736 lloc
443 2690 560 2736 nimirum
605 2688 659 2736 Lib.
679 2690 730 2743 tx,
752 2685 824 2751 epist.
838 2701 861 2733 r.
880 2686 980 2744 Cteear,
1004 2685 1036 2733 de
1056 2686 1125 2735 Bello

55 2763 211 2829 dicitzNeque
219 2782 317 2832 possum
331 2767 440 2815 Domitio
450 2767 560 2815 subsidio
606 2766 670 2816 Gall.
684 2765 727 2815 lib.
742 2769 762 2814 1.
777 2765 895 2813 Cornu.

56 2845 128 2893 tenire
148 2856 176 2892 ut
196 2845 281 2892 urbem
305 2855 398 2904 teneat,
417 2863 496 2910 neque
516 2863 561 2910 per
641 2848 666 2895 6.
682 2846 708 2894 C.
732 2844 877 2908 Coponium.
893 2835 945 2907 Qui
966 2843 1053 2908 paullo
1067 2856 1125 2908 post

57 2935 141 2975 montes
148 2923 218 2972 illum
229 2924 350 2989 explicare
361 2937 387 2973 et
396 2925 507 2974 educere.
516 2927 561 2973 Po-
604 2927 723 2989 pruteno
737 2924 841 2988 imperio
856 2924 928 2971 clami
945 2922 1050 2971 Rhodie
1061 2939 1123 2987 prce·

58 3015 108 3050 m.
120 3030 156 3040 -
171 3001 320 3066 Schiitziue,
334 3015 433 3053 auctore
445 3006 560 3066 Graevio,
604 3004 659 3051 suit.
669 3006 766 3065 Caeerr,
777 3003 838 3051 Bell.
849 3001 915 3051 Gell.
926 3005 972 3062 111,
983 3005 1009 3051 5.
1019 3005 1056 3050 De
1065 3003 1123 3051 niv.

58 3080 140 3130 edidit:
152 3085 247 3147 «leque
264 3099 290 3130 ee
312 3101 355 3147 per
369 3096 464 3132 montee
481 3085 560 3149 expli·
604 3086 632 3141 1,
653 3080 696 3132 31.
708 3083 767 3143 Ejus
778 3082 887 3147 Coponii
900 3093 936 3129 eet
951 3097 998 3130 vox
1007 3081 1124 3146 praeclare

59 3175 133 3224 urm,
150 3162 205 3211 scil.
216 3163 300 3227 possit.
313 3166 435 3213 sententie
446 3176 511 3214 certe
524 3176 560 3213 est
604 3163 632 3210 iu
642 3161 753 3219 Velleio,
766 3163 804 3222 ΙΙ,
829 3161 875 3218 83,
890 3160 921 3208 de
933 3160 1024 3209 Planco
1037 3162 1063 3208 in
1073 3163 1124 3231 An·

59 3238 203 3290 sublevanda.
216 3244 263 3290 Eu.
605 3241 702 3289 toniurn
715 3240 879 3297 declameute,
893 3240 963 3299 cujus
973 3239 1033 3287 olim
1045 3240 1124 3287 tortu·

86 3312 107 3360 t.
121 3316 149 3361 P.
160 3316 265 3378 Lupum.
279 3314 306 3362 Ρ.
317 3314 437 3362 Rutilium
450 3317 560 3380 Lupum,
605 3337 661 3368 nam
675 3330 792 3384 sequutae
805 3329 868 3368 met
879 3333 885 3368 :
898 3319 1009 3378 «Multa,
1023 3318 1118 3381 inquit,

59 3391 92 3449 qui
103 3403 161 3439 tunc
170 3403 223 3440 erat
235 3392 382 3452 Tarraciuae,
391 3411 463 3458 quem
477 3396 561 3459 paullo
605 3398 775 3458 mehercules,
802 3399 861 3447 fecit
884 3397 1009 3445 Antonius
1029 3395 1122 3461 pridie,

59 3480 105 3528 pou
120 3473 224 3519 Romam
241 3472 340 3521 rediisse
355 3473 441 3522 Cicero
457 3475 560 3525 audivit.
606 3494 679 3543 quum
691 3490 720 3526 tu
731 3477 800 3525 illum
812 3477 989 3541 relinqueres».
1001 3478 1049 3524 Eu.

564 3647 601 3714 Β.

345 3808 489 3880 Luceriae,
506 3828 583 3866 anuo
603 3814 640 3869 U.
654 3813 687 3868 C.
701 3819 771 3885 704,
787 3831 884 3869 mense
900 3809 1061 3868 februario.

87 3962 145 4025 CN.
165 3963 347 4028 MAGNUS
369 3924 549 4031 PROCOS.
574 3968 611 4032 L.
631 3969 823 4034 DOMITIO
848 3969 974 4032 PROC.
996 3969 1027 4032 S.
1048 3971 1090 4034 D.

101 4116 237 4201 Minor,
251 4129 287 4185 te
307 4115 351 4185 ad
369 4141 426 4188 me
449 4116 540 4188 nihil
563 4117 739 4207 scribere,
759 4135 795 4190 ct
819 4123 941 4218 potins
960 4118 1006 4190 ab
1026 4118 1126 4209 aliis,
