<?xml version="1.0" encoding="UTF-8"?>
<!DOCTYPE html PUBLIC "-//W3C//DTD XHTML 1.0 Transitional//EN"
    "http://www.w3.org/TR/xhtml1/DTD/xhtml1-transitional.dtd">
<html xmlns="http://www.w3.org/1999/xhtml" xml:lang="en" lang="en">
 <head>
  <title>
</title>
<meta http-equiv="Content-Type" content="text/html;charset=utf-8" />
  <meta name='ocr-system' content='tesseract 3.04.00' />
  <meta name='ocr-capabilities' content='ocr_page ocr_carea ocr_par ocr_line ocrx_word'/>
</head>
<body>
  <div class='ocr_page' id='page_1' title='image "bibliothecaclas14lemagoog_0028.png"; bbox 0 0 2686 4822; ppageno 0'>
   <div class='ocr_carea' id='block_1_1' title="bbox 252 382 1202 471">
    <p class='ocr_par' dir='ltr' id='par_1_1' title="bbox 252 382 1202 471">
     <span class='ocr_line' id='line_1_1' title="bbox 252 382 1202 471; baseline 0.006 -21"><span class='ocrx_word' id='word_1_1' title='bbox 252 382 510 452; x_wconf 82' lang='lat' dir='ltr'><strong>EPISTOLAE</strong></span> <span class='ocrx_word' id='word_1_2' title='bbox 532 384 604 453; x_wconf 86' lang='lat' dir='ltr'>AD</span> <span class='ocrx_word' id='word_1_3' title='bbox 629 382 1081 471; x_wconf 73' lang='lat' dir='ltr'>ATTICUM,v111‚t.</span> <span class='ocrx_word' id='word_1_4' title='bbox 1160 385 1202 457; x_wconf 78' lang='lat'>13</span> 
     </span>
    </p>
   </div>
   <div class='ocr_carea' id='block_1_2' title="bbox 124 583 1197 613">
    <p class='ocr_par' dir='ltr' id='par_1_2' title="bbox 124 583 1197 613">
     <span class='ocr_line' id='line_1_2' title="bbox 124 583 1197 613; baseline 0.006 -6"><span class='ocrx_word' id='word_1_5' title='bbox 124 583 1197 613; x_wconf 58' lang='lat' dir='ltr'>mmmmmmmmmmmmmm</span> 
     </span>
    </p>
   </div>
   <div class='ocr_carea' id='block_1_3' title="bbox 456 778 867 860">
    <p class='ocr_par' dir='ltr' id='par_1_3' title="bbox 456 778 867 860">
     <span class='ocr_line' id='line_1_3' title="bbox 456 778 867 860; baseline 0.002 -1"><span class='ocrx_word' id='word_1_6' title='bbox 456 778 763 860; x_wconf 88' lang='lat' dir='ltr'><strong>EPISTOLA</strong></span> <span class='ocrx_word' id='word_1_7' title='bbox 796 778 867 860; x_wconf 88' lang='lat' dir='ltr'>IV.</span> 
     </span>
    </p>
   </div>
   <div class='ocr_carea' id='block_1_4' title="bbox 123 934 1203 1116">
    <p class='ocr_par' dir='ltr' id='par_1_4' title="bbox 123 934 1203 1116">
     <span class='ocr_line' id='line_1_4' title="bbox 123 934 1203 1018; baseline 0.006 -25"><span class='ocrx_word' id='word_1_8' title='bbox 123 957 125 961; x_wconf 56' lang='lat'><strong><em>¹</em></strong></span> <span class='ocrx_word' id='word_1_9' title='bbox 138 937 260 1012; x_wconf 83' lang='lat' dir='ltr'>Dionysii</span> <span class='ocrx_word' id='word_1_10' title='bbox 271 956 341 1016; x_wconf 78' lang='lat' dir='ltr'>erga</span> <span class='ocrx_word' id='word_1_11' title='bbox 356 957 386 995; x_wconf 88' lang='lat' dir='ltr'>se</span> <span class='ocrx_word' id='word_1_12' title='bbox 397 935 544 1014; x_wconf 81' lang='lat' dir='ltr'>ingratum</span> <span class='ocrx_word' id='word_1_13' title='bbox 558 936 688 995; x_wconf 86' lang='lat' dir='ltr'>animum</span> <span class='ocrx_word' id='word_1_14' title='bbox 701 948 732 994; x_wconf 88' lang='lat' dir='ltr'>et</span> <span class='ocrx_word' id='word_1_15' title='bbox 747 934 915 1015; x_wconf 82' lang='lat' dir='ltr'>superbiam</span> <span class='ocrx_word' id='word_1_16' title='bbox 935 937 1088 1014; x_wconf 88' lang='lat' dir='ltr'>queritur:</span> <span class='ocrx_word' id='word_1_17' title='bbox 1108 958 1203 1018; x_wconf 84' lang='lat' dir='ltr'>pauca</span> 
     </span>
     <span class='ocr_line' id='line_1_5' title="bbox 155 1025 1185 1116; baseline 0.004 -26"><span class='ocrx_word' id='word_1_18' title='bbox 155 1033 188 1091; x_wconf 87' lang='lat' dir='ltr'>de</span> <span class='ocrx_word' id='word_1_19' title='bbox 204 1054 265 1112; x_wconf 86' lang='lat' dir='ltr'>rep.</span> <span class='ocrx_word' id='word_1_20' title='bbox 278 1031 369 1092; x_wconf 85' lang='lat' dir='ltr'><strong>addit.</strong></span> <span class='ocrx_word' id='word_1_21' title='bbox 385 1035 432 1105; x_wconf 92' lang='lat' dir='ltr'>(ln</span> <span class='ocrx_word' id='word_1_22' title='bbox 446 1032 619 1104; x_wconf 82' lang='lat' dir='ltr'>Formiano,</span> <span class='ocrx_word' id='word_1_23' title='bbox 633 1051 710 1089; x_wconf 88' lang='lat' dir='ltr'>anno</span> <span class='ocrx_word' id='word_1_24' title='bbox 721 1036 758 1091; x_wconf 91' lang='lat' dir='ltr'>U.</span> <span class='ocrx_word' id='word_1_25' title='bbox 771 1036 803 1094; x_wconf 87' lang='lat' dir='ltr'>C.</span> <span class='ocrx_word' id='word_1_26' title='bbox 818 1025 891 1107; x_wconf 79' lang='lat'>704,</span> <span class='ocrx_word' id='word_1_27' title='bbox 902 1051 1000 1091; x_wconf 84' lang='lat' dir='ltr'>mense</span> <span class='ocrx_word' id='word_1_28' title='bbox 1014 1032 1185 1116; x_wconf 80' lang='lat' dir='ltr'>februario.)</span> 
     </span>
    </p>
   </div>
   <div class='ocr_carea' id='block_1_5' title="bbox 464 1205 865 1271">
    <p class='ocr_par' dir='ltr' id='par_1_5' title="bbox 464 1205 865 1271">
     <span class='ocr_line' id='line_1_6' title="bbox 464 1205 865 1271; baseline 0 0"><span class='ocrx_word' id='word_1_29' title='bbox 464 1205 620 1271; x_wconf 87' lang='lat' dir='ltr'>CICERO</span> <span class='ocrx_word' id='word_1_30' title='bbox 644 1205 806 1271; x_wconf 86' lang='lat' dir='ltr'>ATTICO</span> <span class='ocrx_word' id='word_1_31' title='bbox 832 1205 865 1271; x_wconf 86' lang='lat' dir='ltr'>S.</span> 
     </span>
    </p>
   </div>
   <div class='ocr_carea' id='block_1_6' title="bbox 88 1351 1237 3211">
    <p class='ocr_par' dir='ltr' id='par_1_6' title="bbox 88 1351 1237 3211">
     <span class='ocr_line' id='line_1_7' title="bbox 177 1351 1204 1451; baseline 0.005 -27"><span class='ocrx_word' id='word_1_32' title='bbox 177 1358 378 1425; x_wconf 81' lang='lat' dir='ltr'>Dronrsrus</span> <span class='ocrx_word' id='word_1_33' title='bbox 395 1352 542 1451; x_wconf 91' lang='lat' dir='ltr'>quidem</span> <span class='ocrx_word' id='word_1_34' title='bbox 556 1367 642 1423; x_wconf 92' lang='lat' dir='ltr'>tuus</span> <span class='ocrx_word' id='word_1_35' title='bbox 659 1351 797 1450; x_wconf 90' lang='lat' dir='ltr'>potius,</span> <span class='ocrx_word' id='word_1_36' title='bbox 815 1376 926 1448; x_wconf 90' lang='lat' dir='ltr'>quam</span> <span class='ocrx_word' id='word_1_37' title='bbox 942 1355 1204 1449; x_wconf 63' lang='lat' dir='ltr'>noster,fcujus</span> 
     </span>
     <span class='ocr_line' id='line_1_8' title="bbox 137 1466 1214 1562; baseline 0.002 -27"><span class='ocrx_word' id='word_1_38' title='bbox 137 1489 197 1561; x_wconf 81' lang='lat' dir='ltr'>ego</span> <span class='ocrx_word' id='word_1_39' title='bbox 216 1490 331 1562; x_wconf 93' lang='lat' dir='ltr'>quum</span> <span class='ocrx_word' id='word_1_40' title='bbox 350 1467 434 1535; x_wconf 90' lang='lat' dir='ltr'>satis</span> <span class='ocrx_word' id='word_1_41' title='bbox 455 1485 668 1559; x_wconf 83' lang='lat' dir='ltr'>cognossem</span> <span class='ocrx_word' id='word_1_42' title='bbox 691 1486 828 1550; x_wconf 90' lang='lat' dir='ltr'>mores,</span> <span class='ocrx_word' id='word_1_43' title='bbox 857 1476 924 1534; x_wconf 92' lang='lat' dir='ltr'>tuo</span> <span class='ocrx_word' id='word_1_44' title='bbox 942 1478 1063 1535; x_wconf 86' lang='lat' dir='ltr'>tamen</span> <span class='ocrx_word' id='word_1_45' title='bbox 1082 1466 1214 1562; x_wconf 91' lang='lat' dir='ltr'>potius·</span> 
     </span>
     <span class='ocr_line' id='line_1_9' title="bbox 136 1571 1205 1671; baseline 0 -25"><span class='ocrx_word' id='word_1_46' title='bbox 136 1576 269 1648; x_wconf 83' lang='lat' dir='ltr'>stabam</span> <span class='ocrx_word' id='word_1_47' title='bbox 284 1575 445 1671; x_wconf 89' lang='lat' dir='ltr'>judicio,</span> <span class='ocrx_word' id='word_1_48' title='bbox 472 1598 582 1670; x_wconf 89' lang='lat' dir='ltr'>quam</span> <span class='ocrx_word' id='word_1_49' title='bbox 605 1596 706 1659; x_wconf 89' lang='lat' dir='ltr'>meo,</span> <span class='ocrx_word' id='word_1_50' title='bbox 724 1597 772 1642; x_wconf 91' lang='lat' dir='ltr'>ne</span> <span class='ocrx_word' id='word_1_51' title='bbox 797 1573 851 1642; x_wconf 88' lang='lat' dir='ltr'>tui</span> <span class='ocrx_word' id='word_1_52' title='bbox 869 1571 1018 1669; x_wconf 89' lang='lat' dir='ltr'>quidem</span> <span class='ocrx_word' id='word_1_53' title='bbox 1042 1576 1205 1647; x_wconf 88' lang='lat' dir='ltr'>testimo-</span> 
     </span>
     <span class='ocr_line' id='line_1_10' title="bbox 134 1680 1205 1783; baseline 0.001 -27"><span class='ocrx_word' id='word_1_54' title='bbox 134 1690 177 1756; x_wconf 92' lang='lat' dir='ltr'>nii</span> <span class='ocrx_word' id='word_1_55' title='bbox 190 1698 223 1773; x_wconf 88' lang='lat'>¹,</span> <span class='ocrx_word' id='word_1_56' title='bbox 241 1683 345 1783; x_wconf 91' lang='lat' dir='ltr'>quod</span> <span class='ocrx_word' id='word_1_57' title='bbox 367 1688 399 1756; x_wconf 92' lang='lat' dir='ltr'>ei</span> <span class='ocrx_word' id='word_1_58' title='bbox 418 1707 511 1781; x_wconf 85' lang='lat' dir='ltr'>saepe</span> <span class='ocrx_word' id='word_1_59' title='bbox 529 1681 625 1780; x_wconf 89' lang='lat' dir='ltr'>apud</span> <span class='ocrx_word' id='word_1_60' title='bbox 642 1705 701 1752; x_wconf 90' lang='lat' dir='ltr'>me</span> <span class='ocrx_word' id='word_1_61' title='bbox 720 1680 888 1766; x_wconf 84' lang='lat' dir='ltr'>dederas,</span> <span class='ocrx_word' id='word_1_62' title='bbox 910 1683 1065 1771; x_wconf 89' lang='lat' dir='ltr'>veritus,</span> <span class='ocrx_word' id='word_1_63' title='bbox 1081 1708 1205 1783; x_wconf 89' lang='lat' dir='ltr'>super·</span> 
     </span>
     <span class='ocr_line' id='line_1_11' title="bbox 133 1790 1205 1892; baseline 0 -27"><span class='ocrx_word' id='word_1_64' title='bbox 133 1793 218 1866; x_wconf 88' lang='lat' dir='ltr'>burn</span> <span class='ocrx_word' id='word_1_65' title='bbox 238 1819 278 1867; x_wconf 88' lang='lat' dir='ltr'>se</span> <span class='ocrx_word' id='word_1_66' title='bbox 301 1792 454 1892; x_wconf 75' lang='lat' dir='ltr'>praebuit</span> <span class='ocrx_word' id='word_1_67' title='bbox 481 1798 520 1863; x_wconf 92' lang='lat' dir='ltr'>in</span> <span class='ocrx_word' id='word_1_68' title='bbox 546 1790 714 1876; x_wconf 83' lang='lat' dir='ltr'>fortuna,</span> <span class='ocrx_word' id='word_1_69' title='bbox 739 1815 850 1886; x_wconf 89' lang='lat' dir='ltr'>quam</span> <span class='ocrx_word' id='word_1_70' title='bbox 882 1796 1023 1889; x_wconf 88' lang='lat' dir='ltr'>putavit</span> <span class='ocrx_word' id='word_1_71' title='bbox 1042 1807 1205 1865; x_wconf 88' lang='lat' dir='ltr'>nostram</span> 
     </span>
     <span class='ocr_line' id='line_1_12' title="bbox 133 1901 1205 2000; baseline 0.004 -27"><span class='ocrx_word' id='word_1_72' title='bbox 133 1903 225 1993; x_wconf 82' lang='lat' dir='ltr'>lore3</span> <span class='ocrx_word' id='word_1_73' title='bbox 251 1905 355 2000; x_wconf 87' lang='lat' dir='ltr'>cujus</span> <span class='ocrx_word' id='word_1_74' title='bbox 383 1903 538 1974; x_wconf 83' lang='lat' dir='ltr'>fortunae</span> <span class='ocrx_word' id='word_1_75' title='bbox 558 1926 647 1988; x_wconf 89' lang='lat' dir='ltr'>nos,</span> <span class='ocrx_word' id='word_1_76' title='bbox 668 1915 848 1999; x_wconf 86' lang='lat' dir='ltr'>quantum</span> <span class='ocrx_word' id='word_1_77' title='bbox 869 1901 1030 1974; x_wconf 90' lang='lat' dir='ltr'>hnmano</span> <span class='ocrx_word' id='word_1_78' title='bbox 1053 1905 1205 1977; x_wconf 90' lang='lat' dir='ltr'>consilio</span> 
     </span>
     <span class='ocr_line' id='line_1_13' title="bbox 131 2009 1204 2112; baseline 0 -26"><span class='ocrx_word' id='word_1_79' title='bbox 131 2015 224 2087; x_wconf 87' lang='lat' dir='ltr'>effici</span> <span class='ocrx_word' id='word_1_80' title='bbox 244 2015 398 2112; x_wconf 90' lang='lat' dir='ltr'>poterit,</span> <span class='ocrx_word' id='word_1_81' title='bbox 412 2027 553 2085; x_wconf 91' lang='lat' dir='ltr'>motum</span> <span class='ocrx_word' id='word_1_82' title='bbox 567 2013 707 2083; x_wconf 86' lang='lat' dir='ltr'>ratione</span> <span class='ocrx_word' id='word_1_83' title='bbox 730 2009 888 2108; x_wconf 90' lang='lat' dir='ltr'>quadam</span> <span class='ocrx_word' id='word_1_84' title='bbox 907 2011 1204 2109; x_wconf 85' lang='lat' dir='ltr'>gubernabimus.</span> 
     </span>
     <span class='ocr_line' id='line_1_14' title="bbox 132 2121 1205 2229; baseline 0 -33"><span class='ocrx_word' id='word_1_85' title='bbox 132 2128 215 2210; x_wconf 93' lang='lat' dir='ltr'>Cui,</span> <span class='ocrx_word' id='word_1_86' title='bbox 231 2127 297 2222; x_wconf 91' lang='lat' dir='ltr'>qni</span> <span class='ocrx_word' id='word_1_87' title='bbox 314 2139 436 2195; x_wconf 90' lang='lat' dir='ltr'>noster</span> <span class='ocrx_word' id='word_1_88' title='bbox 453 2123 593 2210; x_wconf 88' lang='lat' dir='ltr'>honos,</span> <span class='ocrx_word' id='word_1_89' title='bbox 612 2121 713 2219; x_wconf 92' lang='lat' dir='ltr'>quod</span> <span class='ocrx_word' id='word_1_90' title='bbox 734 2121 972 2219; x_wconf 87' lang='lat' dir='ltr'>obsequium,</span> <span class='ocrx_word' id='word_1_91' title='bbox 990 2148 1072 2229; x_wconf 74' lang='lat' dir='ltr'>qqae</span> <span class='ocrx_word' id='word_1_92' title='bbox 1097 2124 1205 2196; x_wconf 88' lang='lat' dir='ltr'>etiam</span> 
     </span>
     <span class='ocr_line' id='line_1_15' title="bbox 131 2231 1204 2331; baseline 0.003 -28"><span class='ocrx_word' id='word_1_93' title='bbox 131 2235 172 2305; x_wconf 87' lang='lat' dir='ltr'>ad</span> <span class='ocrx_word' id='word_1_94' title='bbox 185 2250 327 2306; x_wconf 87' lang='lat' dir='ltr'>ceteros</span> <span class='ocrx_word' id='word_1_95' title='bbox 340 2231 755 2331; x_wconf 85' lang='lat' dir='ltr'>contempticnjusdnm¹</span> <span class='ocrx_word' id='word_1_96' title='bbox 768 2231 925 2304; x_wconf 89' lang='lat' dir='ltr'>hominis</span> <span class='ocrx_word' id='word_1_97' title='bbox 935 2234 1204 2306; x_wconf 87' lang='lat' dir='ltr'>commendatio</span> 
     </span>
     <span class='ocr_line' id='line_1_16' title="bbox 131 2341 1204 2439; baseline 0 -25"><span class='ocrx_word' id='word_1_98' title='bbox 131 2344 265 2417; x_wconf 86' lang='lat' dir='ltr'>deluit?</span> <span class='ocrx_word' id='word_1_99' title='bbox 279 2359 321 2416; x_wconf 91' lang='lat' dir='ltr'>ut</span> <span class='ocrx_word' id='word_1_100' title='bbox 333 2368 454 2416; x_wconf 90' lang='lat' dir='ltr'>meum</span> <span class='ocrx_word' id='word_1_101' title='bbox 469 2342 646 2439; x_wconf 88' lang='lat' dir='ltr'>judicium</span> <span class='ocrx_word' id='word_1_102' title='bbox 660 2341 911 2439; x_wconf 88' lang='lat' dir='ltr'>reprehendia</span> <span class='ocrx_word' id='word_1_103' title='bbox 929 2343 1068 2434; x_wconf 91' lang='lat' dir='ltr'>Quinto</span> <span class='ocrx_word' id='word_1_104' title='bbox 1078 2341 1204 2431; x_wconf 83' lang='lat' dir='ltr'>fratre,</span> 
     </span>
     <span class='ocr_line' id='line_1_17' title="bbox 130 2450 1205 2552; baseline 0.003 -29"><span class='ocrx_word' id='word_1_105' title='bbox 130 2455 313 2552; x_wconf 84' lang='lat' dir='ltr'>vulgoque</span> <span class='ocrx_word' id='word_1_106' title='bbox 323 2454 369 2526; x_wconf 89' lang='lat' dir='ltr'>ab</span> <span class='ocrx_word' id='word_1_107' title='bbox 383 2452 555 2524; x_wconf 91' lang='lat' dir='ltr'>omnibus</span> <span class='ocrx_word' id='word_1_108' title='bbox 565 2452 708 2523; x_wconf 90' lang='lat' dir='ltr'>mallem</span> <span class='ocrx_word' id='word_1_109' title='bbox 718 2505 727 2536; x_wconf 96' lang='lat'>,</span> <span class='ocrx_word' id='word_1_110' title='bbox 739 2476 849 2548; x_wconf 88' lang='lat' dir='ltr'>quam</span> <span class='ocrx_word' id='word_1_111' title='bbox 864 2452 966 2523; x_wconf 91' lang='lat' dir='ltr'>illum</span> <span class='ocrx_word' id='word_1_112' title='bbox 982 2476 1058 2522; x_wconf 94' lang='lat' dir='ltr'>non</span> <span class='ocrx_word' id='word_1_113' title='bbox 1073 2450 1205 2526; x_wconf 81' lang='lat' dir='ltr'>efferre</span> 
     </span>
     <span class='ocr_line' id='line_1_18' title="bbox 131 2562 1203 2660; baseline 0.003 -27"><span class='ocrx_word' id='word_1_114' title='bbox 131 2563 320 2651; x_wconf 90' lang='lat' dir='ltr'>laudibus;</span> <span class='ocrx_word' id='word_1_115' title='bbox 350 2564 617 2660; x_wconf 87' lang='lat' dir='ltr'>Ciceronesque</span> <span class='ocrx_word' id='word_1_116' title='bbox 643 2576 789 2633; x_wconf 92' lang='lat' dir='ltr'>nostros</span> <span class='ocrx_word' id='word_1_117' title='bbox 820 2584 902 2632; x_wconf 89' lang='lat' dir='ltr'>meo</span> <span class='ocrx_word' id='word_1_118' title='bbox 933 2563 1055 2659; x_wconf 91' lang='lat' dir='ltr'>potius</span> <span class='ocrx_word' id='word_1_119' title='bbox 1080 2562 1203 2637; x_wconf 84' lang='lat' dir='ltr'>labore</span> 
     </span>
     <span class='ocr_line' id='line_1_19' title="bbox 131 2667 1204 2770; baseline 0.004 -27"><span class='ocrx_word' id='word_1_120' title='bbox 131 2672 339 2760; x_wconf 82' lang='lat' dir='ltr'>subdoceri,</span> <span class='ocrx_word' id='word_1_121' title='bbox 354 2697 462 2770; x_wconf 88' lang='lat' dir='ltr'>quam</span> <span class='ocrx_word' id='word_1_122' title='bbox 479 2696 538 2743; x_wconf 90' lang='lat' dir='ltr'>me</span> <span class='ocrx_word' id='word_1_123' title='bbox 555 2671 720 2743; x_wconf 87' lang='lat' dir='ltr'>aliumvis</span> <span class='ocrx_word' id='word_1_124' title='bbox 737 2672 949 2770; x_wconf 78' lang='lat' dir='ltr'>magistrum</span> <span class='ocrx_word' id='word_1_125' title='bbox 967 2697 1138 2769; x_wconf 86' lang='lat' dir='ltr'>quaerere.</span> <span class='ocrx_word' id='word_1_126' title='bbox 1148 2667 1204 2747; x_wconf 82' lang='lat' dir='ltr'>Ad</span> 
     </span>
     <span class='ocr_line' id='line_1_20' title="bbox 131 2779 1205 2879; baseline 0.005 -26"><span class='ocrx_word' id='word_1_127' title='bbox 131 2807 237 2878; x_wconf 92' lang='lat' dir='ltr'>quem</span> <span class='ocrx_word' id='word_1_128' title='bbox 267 2806 336 2879; x_wconf 85' lang='lat' dir='ltr'>ego</span> <span class='ocrx_word' id='word_1_129' title='bbox 362 2807 453 2879; x_wconf 88' lang='lat' dir='ltr'>quas</span> <span class='ocrx_word' id='word_1_130' title='bbox 486 2782 631 2869; x_wconf 75' lang='lat' dir='ltr'>literas,</span> <span class='ocrx_word' id='word_1_131' title='bbox 659 2782 708 2852; x_wconf 89' lang='lat' dir='ltr'>dii</span> <span class='ocrx_word' id='word_1_132' title='bbox 735 2779 979 2853; x_wconf 85' lang='lat' dir='ltr'>immortales!</span> <span class='ocrx_word' id='word_1_133' title='bbox 1008 2787 1205 2858; x_wconf 75' lang='lat' dir='ltr'>miseram?</span> 
     </span>
     <span class='ocr_line' id='line_1_21' title="bbox 88 2890 1204 2989; baseline 0.004 -26"><span class='ocrx_word' id='word_1_134' title='bbox 88 2956 91 2963; x_wconf 88' lang='lat'><em>.</em></span> <span class='ocrx_word' id='word_1_135' title='bbox 131 2907 307 2988; x_wconf 90' lang='lat' dir='ltr'>quantum</span> <span class='ocrx_word' id='word_1_136' title='bbox 336 2891 487 2964; x_wconf 90' lang='lat' dir='ltr'>honoris</span> <span class='ocrx_word' id='word_1_137' title='bbox 512 2890 785 2989; x_wconf 86' lang='lat' dir='ltr'>significantes?</span> <span class='ocrx_word' id='word_1_138' title='bbox 812 2906 989 2988; x_wconf 84' lang='lat' dir='ltr'>quantum</span> <span class='ocrx_word' id='word_1_139' title='bbox 1018 2892 1204 2968; x_wconf 78' lang='lat' dir='ltr'>amoris³l</span> 
     </span>
     <span class='ocr_line' id='line_1_22' title="bbox 132 3002 1201 3091; baseline 0.01 -22"><span class='ocrx_word' id='word_1_140' title='bbox 132 3002 381 3074; x_wconf 61' lang='lat' dir='ltr'>Dicaearchum</span> <span class='ocrx_word' id='word_1_141' title='bbox 408 3002 636 3091; x_wconf 88' lang='lat' dir='ltr'>mehercule,</span> <span class='ocrx_word' id='word_1_142' title='bbox 670 3017 732 3074; x_wconf 90' lang='lat' dir='ltr'>aut</span> <span class='ocrx_word' id='word_1_143' title='bbox 762 3003 1041 3074; x_wconf 69' lang='lat' dir='ltr'>Aristoxenuml</span> <span class='ocrx_word' id='word_1_144' title='bbox 1062 3005 1201 3080; x_wconf 83' lang='lat' dir='ltr'>diceres</span> 
     </span>
     <span class='ocr_line' id='line_1_23' title="bbox 130 3113 1237 3211; baseline 0.007 -29"><span class='ocrx_word' id='word_1_145' title='bbox 130 3115 274 3200; x_wconf 85' lang='lat' dir='ltr'>arcessi,</span> <span class='ocrx_word' id='word_1_146' title='bbox 287 3138 363 3184; x_wconf 92' lang='lat' dir='ltr'>non</span> <span class='ocrx_word' id='word_1_147' title='bbox 374 3138 487 3185; x_wconf 90' lang='lat' dir='ltr'>unum</span> <span class='ocrx_word' id='word_1_148' title='bbox 503 3116 667 3184; x_wconf 90' lang='lat' dir='ltr'>omnium</span> <span class='ocrx_word' id='word_1_149' title='bbox 680 3113 992 3211; x_wconf 88' lang='lat' dir='ltr'>loquacissimum,</span> <span class='ocrx_word' id='word_1_150' title='bbox 1005 3130 1041 3186; x_wconf 87' lang='lat' dir='ltr'>et</span> <span class='ocrx_word' id='word_1_151' title='bbox 1054 3118 1202 3190; x_wconf 88' lang='lat' dir='ltr'>minime</span> <span class='ocrx_word' id='word_1_152' title='bbox 1233 3122 1237 3130; x_wconf 85' lang='grc'><strong>“</strong></span> 
     </span>
    </p>
   </div>
   <div class='ocr_carea' id='block_1_7' title="bbox 127 3308 1273 4165">
    <p class='ocr_par' dir='ltr' id='par_1_7' title="bbox 127 3308 1273 3690">
     <span class='ocr_line' id='line_1_24' title="bbox 165 3308 1198 3377; baseline 0.006 -21"><span class='ocrx_word' id='word_1_153' title='bbox 165 3324 188 3356; x_wconf 84' lang='grc' dir='ltr'>ι.</span> <span class='ocrx_word' id='word_1_154' title='bbox 201 3308 347 3357; x_wconf 68' lang='lat' dir='ltr'>stetimom&#39;i.</span> <span class='ocrx_word' id='word_1_155' title='bbox 360 3311 437 3374; x_wconf 78' lang='lat' dir='ltr'>Jnngi</span> <span class='ocrx_word' id='word_1_156' title='bbox 459 3310 642 3370; x_wconf 66' lang='lat' dir='ltr'>vermeriam</span> <span class='ocrx_word' id='word_1_157' title='bbox 686 3309 822 3359; x_wconf 81' lang='lat' dir='ltr'>mendasse.</span> <span class='ocrx_word' id='word_1_158' title='bbox 844 3309 892 3358; x_wconf 86' lang='lat' dir='ltr'>Sed</span> <span class='ocrx_word' id='word_1_159' title='bbox 914 3310 944 3358; x_wconf 85' lang='lat' dir='ltr'>de</span> <span class='ocrx_word' id='word_1_160' title='bbox 957 3311 1080 3376; x_wconf 78' lang='lat' dir='ltr'>Dionysio</span> <span class='ocrx_word' id='word_1_161' title='bbox 1097 3312 1136 3377; x_wconf 72' lang='lat' dir='ltr'>egi</span> <span class='ocrx_word' id='word_1_162' title='bbox 1159 3329 1198 3362; x_wconf 82' lang='lat' dir='ltr'>ee·</span> 
     </span>
     <span class='ocr_line' id='line_1_25' title="bbox 130 3387 1198 3456; baseline 0.007 -22"><span class='ocrx_word' id='word_1_163' title='bbox 130 3404 184 3435; x_wconf 83' lang='lat' dir='ltr'>cnm</span> <span class='ocrx_word' id='word_1_164' title='bbox 198 3389 279 3452; x_wconf 79' lang='lat' dir='ltr'>patrio</span> <span class='ocrx_word' id='word_1_165' title='bbox 294 3405 366 3446; x_wconf 83' lang='lat' dir='ltr'>nasu,</span> <span class='ocrx_word' id='word_1_166' title='bbox 379 3389 417 3435; x_wconf 84' lang='lat' dir='ltr'>vel</span> <span class='ocrx_word' id='word_1_167' title='bbox 427 3389 600 3436; x_wconf 78' lang='lat' dir='ltr'>Terentianum</span> <span class='ocrx_word' id='word_1_168' title='bbox 609 3389 641 3437; x_wconf 87' lang='lat' dir='ltr'>il·</span> <span class='ocrx_word' id='word_1_169' title='bbox 687 3390 787 3452; x_wconf 83' lang='lat' dir='ltr'>quentia</span> <span class='ocrx_word' id='word_1_170' title='bbox 805 3388 863 3436; x_wconf 81' lang='lat' dir='ltr'>satie</span> <span class='ocrx_word' id='word_1_171' title='bbox 876 3387 975 3437; x_wconf 90' lang='lat' dir='ltr'>docent.</span> <span class='ocrx_word' id='word_1_172' title='bbox 996 3391 1049 3453; x_wconf 74' lang='lat' dir='ltr'>ligo</span> <span class='ocrx_word' id='word_1_173' title='bbox 1062 3406 1122 3437; x_wconf 90' lang='lat' dir='ltr'>vero</span> <span class='ocrx_word' id='word_1_174' title='bbox 1135 3402 1198 3456; x_wconf 81' lang='lat' dir='ltr'>puto</span> 
     </span>
     <span class='ocr_line' id='line_1_26' title="bbox 129 3466 1180 3535; baseline 0.005 -21"><span class='ocrx_word' id='word_1_175' title='bbox 129 3467 170 3515; x_wconf 89' lang='lat' dir='ltr'>lud</span> <span class='ocrx_word' id='word_1_176' title='bbox 190 3468 215 3515; x_wconf 90' lang='lat' dir='ltr'>in</span> <span class='ocrx_word' id='word_1_177' title='bbox 236 3466 383 3516; x_wconf 83' lang='lat' dir='ltr'>Phormione</span> <span class='ocrx_word' id='word_1_178' title='bbox 402 3466 522 3528; x_wconf 77' lang='lat' dir='ltr'>nectant,</span> <span class='ocrx_word' id='word_1_179' title='bbox 542 3478 591 3523; x_wconf 74' lang='lat' dir='ltr'>act.</span> <span class='ocrx_word' id='word_1_180' title='bbox 605 3470 640 3530; x_wconf 84' lang='lat' dir='ltr'>V,</span> <span class='ocrx_word' id='word_1_181' title='bbox 686 3466 814 3532; x_wconf 78' lang='lat' dir='ltr'>eujusdam</span> <span class='ocrx_word' id='word_1_182' title='bbox 828 3484 873 3532; x_wconf 81' lang='lat' dir='ltr'>per</span> <span class='ocrx_word' id='word_1_183' title='bbox 881 3466 981 3535; x_wconf 69' lang='grc' dir='ltr'>ἔμφασιν</span> <span class='ocrx_word' id='word_1_184' title='bbox 989 3468 1120 3530; x_wconf 84' lang='lat' dir='ltr'>adjectum.</span> <span class='ocrx_word' id='word_1_185' title='bbox 1134 3471 1180 3520; x_wconf 81' lang='lat' dir='ltr'>En.</span> 
     </span>
     <span class='ocr_line' id='line_1_27' title="bbox 129 3540 1273 3611; baseline 0.005 -18"><span class='ocrx_word' id='word_1_186' title='bbox 129 3561 161 3593; x_wconf 78' lang='lat' dir='ltr'>sc.</span> <span class='ocrx_word' id='word_1_187' title='bbox 180 3547 206 3605; x_wconf 80' lang='lat' dir='ltr'>d,</span> <span class='ocrx_word' id='word_1_188' title='bbox 226 3540 276 3606; x_wconf 80' lang='lat'>78:</span> <span class='ocrx_word' id='word_1_189' title='bbox 300 3546 404 3610; x_wconf 77' lang='lat' dir='ltr'>uNeqne</span> <span class='ocrx_word' id='word_1_190' title='bbox 422 3545 640 3608; x_wconf 79' lang='lat' dir='ltr'>hnjuseitveritue</span> <span class='ocrx_word' id='word_1_191' title='bbox 723 3546 803 3596; x_wconf 65' lang='lat' dir='ltr'>sled.</span> <span class='ocrx_word' id='word_1_192' title='bbox 818 3550 1036 3611; x_wconf 78' lang='lat' dir='ltr'>Rom.·quantnrn</span> <span class='ocrx_word' id='word_1_193' title='bbox 1045 3547 1150 3598; x_wconf 75' lang='lat' dir='ltr'>honoris</span> <span class='ocrx_word' id='word_1_194' title='bbox 1162 3552 1198 3599; x_wconf 81' lang='lat' dir='ltr'>ei·</span> <span class='ocrx_word' id='word_1_195' title='bbox 1265 3542 1273 3559; x_wconf 73' lang='lat'>⁸</span> 
     </span>
     <span class='ocr_line' id='line_1_28' title="bbox 127 3625 1199 3690; baseline 0 -16"><span class='ocrx_word' id='word_1_196' title='bbox 127 3626 222 3674; x_wconf 74' lang='lat' dir='ltr'>feminee</span> <span class='ocrx_word' id='word_1_197' title='bbox 236 3626 389 3689; x_wconf 70' lang='lat' dir='ltr'>primaria».</span> <span class='ocrx_word' id='word_1_198' title='bbox 402 3627 474 3675; x_wconf 75' lang='lat' dir='ltr'>Man.</span> <span class='ocrx_word' id='word_1_199' title='bbox 685 3625 892 3690; x_wconf 80' lang='lat' dir='ltr'>gnificationem?</span> <span class='ocrx_word' id='word_1_200' title='bbox 914 3638 1028 3690; x_wconf 85' lang='lat' dir='ltr'>quantam</span> <span class='ocrx_word' id='word_1_201' title='bbox 1056 3625 1164 3679; x_wconf 80' lang='lat' dir='ltr'>amoris?</span> <span class='ocrx_word' id='word_1_202' title='bbox 1186 3653 1199 3674; x_wconf 74' lang='grc' dir='ltr'>ι.</span> 
     </span>
    </p>

    <p class='ocr_par' dir='ltr' id='par_1_8' title="bbox 128 3704 1201 4165">
     <span class='ocr_line' id='line_1_29' title="bbox 162 3704 1121 3771; baseline 0.007 -21"><span class='ocrx_word' id='word_1_203' title='bbox 162 3720 189 3752; x_wconf 86' lang='lat' dir='ltr'>a.</span> <span class='ocrx_word' id='word_1_204' title='bbox 210 3704 343 3769; x_wconf 83' lang='lat' dir='ltr'>anusdam</span> <span class='ocrx_word' id='word_1_205' title='bbox 361 3704 472 3754; x_wconf 77' lang='lat' dir='ltr'>dominis.</span> <span class='ocrx_word' id='word_1_206' title='bbox 495 3704 552 3755; x_wconf 87' lang='lat' dir='ltr'>Sch.</span> <span class='ocrx_word' id='word_1_207' title='bbox 570 3715 641 3769; x_wconf 83' lang='lat' dir='ltr'>putat</span> <span class='ocrx_word' id='word_1_208' title='bbox 686 3723 742 3770; x_wconf 74' lang='lat' dir='ltr'>qnae</span> <span class='ocrx_word' id='word_1_209' title='bbox 756 3707 870 3755; x_wconf 80' lang='lat' dir='ltr'>Ernestio</span> <span class='ocrx_word' id='word_1_210' title='bbox 887 3708 962 3770; x_wconf 76' lang='lat' dir='ltr'>magis</span> <span class='ocrx_word' id='word_1_211' title='bbox 975 3706 1062 3771; x_wconf 81' lang='lat' dir='ltr'>placet.</span> <span class='ocrx_word' id='word_1_212' title='bbox 1075 3709 1121 3757; x_wconf 81' lang='lat' dir='ltr'>En.</span> 
     </span>
     <span class='ocr_line' id='line_1_30' title="bbox 128 3783 1199 3842; baseline 0.006 -10"><span class='ocrx_word' id='word_1_213' title='bbox 128 3784 189 3832; x_wconf 76' lang='lat' dir='ltr'>hanc</span> <span class='ocrx_word' id='word_1_214' title='bbox 208 3783 340 3831; x_wconf 85' lang='lat' dir='ltr'>lectionem</span> <span class='ocrx_word' id='word_1_215' title='bbox 359 3800 441 3831; x_wconf 81' lang='lat' dir='ltr'>veram</span> <span class='ocrx_word' id='word_1_216' title='bbox 460 3801 511 3833; x_wconf 90' lang='lat' dir='ltr'>non</span> <span class='ocrx_word' id='word_1_217' title='bbox 532 3801 598 3842; x_wconf 80' lang='lat' dir='ltr'>esee,</span> <span class='ocrx_word' id='word_1_218' title='bbox 616 3796 641 3833; x_wconf 86' lang='lat' dir='ltr'>et</span> <span class='ocrx_word' id='word_1_219' title='bbox 721 3793 746 3842; x_wconf 68' lang='grc'>4.</span> <span class='ocrx_word' id='word_1_220' title='bbox 767 3784 951 3835; x_wconf 80' lang='lat' dir='ltr'>Aristoxenum.</span> <span class='ocrx_word' id='word_1_221' title='bbox 970 3786 1109 3835; x_wconf 76' lang='lat' dir='ltr'>Aristotelis</span> <span class='ocrx_word' id='word_1_222' title='bbox 1129 3789 1199 3839; x_wconf 81' lang='lat' dir='ltr'>disci·</span> 
     </span>
     <span class='ocr_line' id='line_1_31' title="bbox 130 3862 1200 3933; baseline 0.007 -23"><span class='ocrx_word' id='word_1_223' title='bbox 130 3863 261 3911; x_wconf 85' lang='lat' dir='ltr'>tollendum</span> <span class='ocrx_word' id='word_1_224' title='bbox 273 3862 410 3926; x_wconf 77' lang='lat' dir='ltr'>cresusdam.</span> <span class='ocrx_word' id='word_1_225' title='bbox 431 3863 505 3926; x_wconf 86' lang='lat' dir='ltr'>Quod</span> <span class='ocrx_word' id='word_1_226' title='bbox 519 3866 540 3911; x_wconf 84' lang='lat' dir='ltr'>si</span> <span class='ocrx_word' id='word_1_227' title='bbox 550 3879 640 3928; x_wconf 72' lang='lat' dir='ltr'>germa-</span> <span class='ocrx_word' id='word_1_228' title='bbox 685 3864 787 3928; x_wconf 82' lang='lat' dir='ltr'>pulum:</span> <span class='ocrx_word' id='word_1_229' title='bbox 808 3865 883 3912; x_wconf 82' lang='lat' dir='ltr'>vitam</span> <span class='ocrx_word' id='word_1_230' title='bbox 896 3863 1031 3928; x_wconf 78' lang='lat' dir='ltr'>Xenophili</span> <span class='ocrx_word' id='word_1_231' title='bbox 1045 3866 1200 3933; x_wconf 76' lang='lat' dir='ltr'>Pythagorici</span> 
     </span>
     <span class='ocr_line' id='line_1_32' title="bbox 129 3940 1201 4009; baseline 0.008 -21"><span class='ocrx_word' id='word_1_232' title='bbox 129 3957 185 3989; x_wconf 85' lang='lat' dir='ltr'>num</span> <span class='ocrx_word' id='word_1_233' title='bbox 197 3953 267 4001; x_wconf 73' lang='lat' dir='ltr'>esset,</span> <span class='ocrx_word' id='word_1_234' title='bbox 279 3943 365 3990; x_wconf 87' lang='lat' dir='ltr'>Cicero</span> <span class='ocrx_word' id='word_1_235' title='bbox 377 3940 524 4005; x_wconf 70' lang='lat' dir='ltr'>significaret</span> <span class='ocrx_word' id='word_1_236' title='bbox 532 3959 566 4000; x_wconf 76' lang='lat' dir='ltr'>ee,</span> <span class='ocrx_word' id='word_1_237' title='bbox 577 3944 640 3990; x_wconf 90' lang='lat' dir='ltr'>Dio·</span> <span class='ocrx_word' id='word_1_238' title='bbox 685 3944 792 4009; x_wconf 80' lang='lat' dir='ltr'>scripsit.</span> <span class='ocrx_word' id='word_1_239' title='bbox 810 3945 869 4004; x_wconf 77' lang='lat' dir='ltr'>Ejus</span> <span class='ocrx_word' id='word_1_240' title='bbox 883 3954 979 3991; x_wconf 78' lang='lat' dir='ltr'>exstent</span> <span class='ocrx_word' id='word_1_241' title='bbox 998 3943 1029 3991; x_wconf 92' lang='lat' dir='ltr'>de</span> <span class='ocrx_word' id='word_1_242' title='bbox 1040 3947 1131 3995; x_wconf 81' lang='lat' dir='ltr'>musice</span> <span class='ocrx_word' id='word_1_243' title='bbox 1143 3948 1201 3996; x_wconf 86' lang='lat' dir='ltr'>libri</span> 
     </span>
     <span class='ocr_line' id='line_1_33' title="bbox 130 4021 1200 4085; baseline 0.008 -19"><span class='ocrx_word' id='word_1_244' title='bbox 130 4022 192 4084; x_wconf 78' lang='lat' dir='ltr'>nysii</span> <span class='ocrx_word' id='word_1_245' title='bbox 214 4037 304 4079; x_wconf 70' lang='lat' dir='ltr'>muta,</span> <span class='ocrx_word' id='word_1_246' title='bbox 322 4032 489 4085; x_wconf 87' lang='lat' dir='ltr'>contemptum</span> <span class='ocrx_word' id='word_1_247' title='bbox 515 4021 638 4070; x_wconf 86' lang='lat' dir='ltr'>hominem</span> <span class='ocrx_word' id='word_1_248' title='bbox 685 4033 743 4070; x_wconf 81' lang='lat' dir='ltr'>tres.</span> <span class='ocrx_word' id='word_1_249' title='bbox 753 4022 843 4071; x_wconf 84' lang='lat' dir='ltr'>Athen.</span> <span class='ocrx_word' id='word_1_250' title='bbox 853 4022 925 4082; x_wconf 73' lang='lat' dir='ltr'>xw,</span> <span class='ocrx_word' id='word_1_251' title='bbox 935 4024 967 4070; x_wconf 79' lang='lat' dir='ltr'>A.</span> <span class='ocrx_word' id='word_1_252' title='bbox 982 4023 1045 4071; x_wconf 85' lang='lat' dir='ltr'>Gell.</span> <span class='ocrx_word' id='word_1_253' title='bbox 1059 4024 1132 4083; x_wconf 80' lang='lat' dir='ltr'>Noct.</span> <span class='ocrx_word' id='word_1_254' title='bbox 1146 4027 1200 4075; x_wconf 76' lang='lat' dir='ltr'>aa.</span> 
     </span>
     <span class='ocr_line' id='line_1_34' title="bbox 129 4100 845 4165; baseline -0.003 -17"><span class='ocrx_word' id='word_1_255' title='bbox 129 4116 304 4165; x_wconf 79' lang='lat' dir='ltr'>quemcumque</span> <span class='ocrx_word' id='word_1_256' title='bbox 310 4100 475 4148; x_wconf 84' lang='lat' dir='ltr'>commendari</span> <span class='ocrx_word' id='word_1_257' title='bbox 484 4101 565 4161; x_wconf 86' lang='lat' dir='ltr'>vellet,</span> <span class='ocrx_word' id='word_1_258' title='bbox 575 4118 640 4150; x_wconf 88' lang='lat' dir='ltr'>conr·</span> <span class='ocrx_word' id='word_1_259' title='bbox 688 4103 731 4159; x_wconf 86' lang='lat' dir='ltr'>lv,</span> <span class='ocrx_word' id='word_1_260' title='bbox 751 4116 790 4148; x_wconf 81' lang='lat' dir='ltr'>rr.</span> <span class='ocrx_word' id='word_1_261' title='bbox 801 4103 845 4148; x_wconf 80' lang='lat' dir='ltr'>En.</span> 
     </span>
    </p>
   </div>
   <div class='ocr_carea' id='block_1_8' title="bbox 0 0 1348 4822">
    <p class='ocr_par' dir='ltr' id='par_1_9' title="bbox 0 0 1348 4822">
     <span class='ocr_line' id='line_1_35' title="bbox 0 0 1348 4822; baseline 0 1"><span class='ocrx_word' id='word_1_262' title='bbox 0 0 1348 4822; x_wconf 95' lang='lat' dir='ltr'> </span> 
     </span>
    </p>
   </div>
  </div>
 </body>
</html>
