2686 4822
273 375 316 456 14
432 448 434 455 ⁴
584 373 632 441 Μ.
657 372 697 439 Τ.
725 370 1021 441 CICERONIS

267 511 392 595 aptum
403 492 447 564 ad
460 490 678 564 docendum.
696 490 766 562 Sed
778 505 831 561 est
847 496 1019 562 memoria
1028 490 1125 562 bona
1135 488 1161 561 ⁵.
1175 497 1249 562 Me«

267 631 345 679 esse
362 602 523 675 meliore.
540 601 682 695 Quibus
703 601 814 673 literis
832 602 880 672 ita
898 602 1106 700 respondit,
1125 618 1168 674 ut
1185 629 1249 702 ego

266 716 372 800 mini,
387 714 489 809 cujus
504 736 648 783 causam
663 737 739 783 non
754 714 963 809 reciperem.
984 717 1134 810 Semper
1148 717 1244 786 enim

266 823 438 927 potcr0⁶3
454 827 483 897 si
500 839 583 896 ante
602 839 768 922 suscepta
785 850 891 895 causa
909 850 985 895 non
1000 827 1211 923 impediar».
1227 834 1249 899 ii

265 962 376 1037 quam
396 948 460 1009 reo
480 937 672 1032 cuiquam,
699 949 772 1006 tam
796 935 946 1022 humili,
971 949 1045 1006 tam
1067 937 1237 1027 sordido,

265 1050 432 1135 nocenti,
455 1060 529 1117 tam
551 1045 691 1133 aliene,
717 1060 790 1117 tam
816 1048 962 1143 praecise
980 1053 1125 1144 negavi,
1148 1072 1249 1145 quan

267 1158 367 1229 mihi.
387 1158 497 1228 Plane
519 1157 597 1228 sine
618 1156 692 1227 ulia
721 1157 934 1255 exceptione
959 1156 1128 1254 praecidit.
1153 1157 1247 1228 Nihil

266 1270 375 1365 gnovi
393 1269 585 1364 ingratius;
607 1270 735 1363 inquo
754 1268 841 1337 vitio
860 1266 1045 1338 nihiimali
1060 1291 1136 1338 non
1150 1273 1249 1339 inest,

265 1377 311 1449 de
333 1376 405 1448 hoc
425 1378 533 1446 nimis
557 1375 681 1445 multa.
703 1379 779 1472 Ego
793 1400 922 1447 navem
937 1377 1061 1474 paravi
1081 1403 1090 1445 :
1126 1392 1205 1448 tuas
1219 1377 1249 1448 li

264 1502 387 1560 tamen
405 1500 596 1584 exspect03
621 1500 662 1557 ut
682 1487 810 1575 sciam,
828 1486 918 1584 quid
934 1486 1178 1584 respondeant
1195 1513 1249 1560 cor

265 1597 395 1668 tationi
406 1619 507 1666 meac.
522 1594 697 1667 Sulmone
715 1599 755 1666 C.
775 1597 915 1667 Attium
932 1597 1118 1693 Pelignum
1135 1622 1246 1696 aperu

264 1709 423 1779 Antonio
435 1719 577 1803 portas,
591 1729 708 1801 quum
715 1719 834 1777 essent
846 1704 1015 1777 cohortes
1027 1707 1190 1804 quinque
1199 1711 1249 1799 ,Q

264 1819 416 1890 cretinm
431 1814 517 1887 inde
530 1812 718 1913 effugisse,
740 1818 826 1903 scis;
848 1812 1019 1888 cnaeum⁸
1037 1819 1090 1887 ire
1109 1817 1249 1889 Brundi:

265 1928 458 1999 desertum.
479 1922 651 1996 Confecta
667 1949 724 1996 res
736 1938 800 1997 est.

300 2148 324 2197 5.
337 2148 417 2194 Bona.
428 2147 458 2193 Iu
469 2143 708 2192 litorio-Meliore.
723 2145 780 2193 Mc·
824 2155 852 2194 nt
871 2158 956 2195 monet
977 2148 1085 2211 Lipsius,
1104 2150 1224 2210 ejusmodi
1237 2167 1249 2197 r

263 2244 357 2280 norem
366 2227 431 2275 enim
440 2242 479 2274 mc
488 2226 563 2285 hujus
571 2226 668 2286 injurie
679 2225 777 2274 nentiet.
823 2226 907 2290 priore
921 2237 963 2274 aut
975 2227 1049 2275 altera
1058 2227 1128 2276 litera
1137 2229 1249 2292 adjuncta

298 2311 325 2358 6.
337 2307 364 2356 Si
369 2319 466 2372 potero.
479 2304 632 2369 Respondit,
647 2303 778 2370 recipiam,
823 2301 896 2351 ficare
919 2306 1029 2353 contenti
1048 2319 1126 2357 eraut.
1150 2311 1244 2381 Itaque!

262 2399 287 2436 et
299 2399 335 2437 est
343 2382 508 2455 pipnoic,qua
517 2384 590 2431 refert
598 2382 780 2446 verba,qnihue
823 2382 933 2431 somnis
951 2385 979 2431 in
997 2384 1114 2434 Cicerone
1135 2388 1249 2450 scriptum

263 2468 377 2518 utehtur
389 2467 416 2514 iu
429 2462 612 2529 respondendo.
627 2463 708 2512 Con.
824 2484 837 2505 ι
845 2459 895 2510 Do.
908 2462 1058 2523 desertum»,
1067 2480 1118 2512 non
1129 2466 1249 2515 intellecti

301 2541 780 2611 7.Aperu1'sse.Caecartamen,lib.1de
823 2558 876 2590 cem
898 2543 947 2590 Do.
969 2543 1082 2593 librarius
1111 2546 1218 2608 scriptor
1244 2564 1249 2592 t

262 2626 325 2676 Bell.
335 2625 392 2675 civ.
401 2639 453 2671 nou
463 2622 557 2671 Attium
567 2620 650 2669 scribit
659 2622 780 2686 aperuisse
823 2620 899 2683 Quod
908 2619 1036 2685 proposuit
1044 2623 1163 2681 Gravius,
1171 2624 1249 2673 eoden

265 2703 378 2754 Antonio
387 2688 481 2768 portas,
493 2700 536 2748 aed
554 2701 621 2762 ipsos
634 2700 779 2748 Sulmonen·
823 2699 895 2746 redit.
916 2700 992 2748 Ocrv.
1014 2726 1049 2737 --
1070 2703 1150 2750 {iocur
1175 2713 1210 2750 est
1238 2704 1249 2751 d

264 2799 321 2832 rec:
337 2785 434 2831 Attium
453 2796 513 2829 vero
538 2788 563 2827 et
586 2779 726 2826 Lucretium
749 2778 781 2827 de
824 2779 955 2842 Vulgatam
972 2782 1114 2844 sequimur:
1137 2782 1180 2829 sed
1199 2793 1249 2846 tem,

264 2879 335 2912 ruuro
349 2878 375 2910 se
387 2861 518 2923 dejecisse:
531 2868 556 2906 et
567 2858 777 2922 huncnusugirre:
822 2858 963 2906 ethiatoriae
974 2860 1036 2906 ratio
1045 2873 1173 2925 repugnat.
1180 2865 1249 2925 Quun

263 2941 334 2990 illum
357 2941 521 3004 interceptum
541 2935 574 2984 ad
601 2953 627 2984 ce
644 2935 779 2985 deductum
822 2936 945 2985 Antonius
955 2938 1070 2986 Sulmone
1079 2941 1211 3002 potiretur,
1229 2943 1249 2988 B

263 3021 346 3069 mose.
359 3021 477 3067 Mentor.
493 3043 528 3055 -
547 3017 629 3066 (ΞΜ
640 3026 721 3065 nutem
734 3018 780 3066 At·
824 3016 887 3064 aium
897 3016 1008 3065 nondum
1019 3030 1118 3066 venerat
1131 3020 1249 3082 Pompeio

264 3100 326 3148 tium
338 3099 486 3148 incolumem
499 3095 600 3144 dimisit.
615 3097 666 3144 Eu.
825 3096 896 3144 ceriae
909 3112 967 3144 vero
982 3096 1133 3148 morabatur:
1144 3114 1175 3145 ex
1183 3114 1249 3161 quo(

299 3180 324 3226 8.
338 3176 403 3236 Alit,
421 3176 541 3224 «Cuaeum
553 3174 588 3222 ire
601 3171 758 3222 Brundisium
772 3188 779 3223 :
825 3176 998 3227 accommovit.
1005 3176 1161 3224 Brundisium
1169 3195 1249 3225 versui

263 3256 400 3306 Domitium
415 3254 536 3302 desertum
551 3275 571 3300 a.
593 3251 730 3300 Domitium
747 3253 779 3301 ab
822 3254 849 3301 lo
862 3265 917 3301 ante
930 3270 1002 3318 quam
1017 3254 1047 3302 de
1060 3254 1169 3303 Corfinio
1187 3267 1211 3303 et
1226 3255 1249 3304 D

263 3334 377 3385 omnihur
385 3332 454 3381 libris
461 3332 542 3391 abest,
551 3331 620 3397 quod
629 3341 711 3380 tamen
720 3343 779 3397 post
823 3343 896 3398 capto
909 3333 1019 3382 auditum
1032 3345 1104 3382 esset.
1115 3334 1188 3381 Unde
1203 3337 1249 3385 itan

262 3415 371 3480 Lipsium
391 3413 479 3477 recipit
496 3410 619 3460 oliverus.
640 3437 677 3448 -
696 3414 780 3475 Quum
824 3413 871 3460 tuit
881 3411 1029 3476 Sch.·‹Quo
1043 3414 1130 3463 Cuaeus
1144 3416 1247 3463 noster?

264 3495 327 3542 enim
340 3493 382 3541 alii
399 3490 596 3541 subaudiendum
615 3506 667 3538 esse
682 3490 778 3548 dicant,
825 3491 914 3539 dicium
933 3493 1010 3540 aiunt.
1023 3493 1157 3541 Domitium
1177 3496 1197 3541 si
1216 3495 1249 3545 de,

264 3573 291 3622 id
302 3573 375 3623 video
389 3570 443 3622 lieri
456 3570 499 3619 vix
508 3586 589 3635 poue.
609 3569 656 3618 Sed
673 3579 781 3628 veteres,
825 3570 935 3620 confecta
949 3587 988 3619 res
1001 3582 1036 3620 eat
1045 3594 1065 3618 n.
1078 3573 1123 3620 Eu.
