2686 4822
204 384 469 464 EPISTOLAE
497 397 565 465 At)
590 388 1041 476 ATTICUM,VIII,13t
1110 387 1158 473 43

10 584 25 599 ,
101 529 206 586 autem
224 516 437 614 impendere
456 531 622 614 putarem
635 572 645 603 ‚
657 516 870 613 scripseram
889 512 933 583 ad
951 525 1006 598 te3
1033 513 1158 608 etjam
1177 517 1180 527 “

98 631 171 696 tuas
186 627 305 698 literas
322 626 587 724 exspectabam.

91 824 1036 855 ‘mmmmmmmmmmmmmmmm
1045 831 1162 851 >amn

393 1005 696 1085 EPISTOLA
729 1003 852 1082 XIV.

78 1162 249 1233 Etiamnum
262 1195 294 1232 se
308 1173 420 1232 nescire
437 1172 509 1251 quid
524 1173 639 1231 consilii
653 1173 765 1251 capiat3
779 1171 816 1229 dc
830 1171 960 1230 Domitio
972 1172 1052 1230 varia
1066 1171 1163 1230 audiri

225 1269 338 1330 scribit.
349 1270 501 1348 (Formiis,
513 1289 590 1328 anno
603 1275 639 1331 U.
653 1271 684 1327 C.
698 1275 772 1341 704,
787 1288 886 1327 mense
896 1267 1024 1346 martio.)

428 1464 589 1529 CICERO
612 1464 773 1527 ATTICO
795 1462 827 1526 S.

133 1616 217 1685 Non
234 1610 383 1699 dubito,
406 1614 496 1709 quin
519 1609 587 1682 tibi
607 1609 741 1681 odiosae
762 1594 835 1680 sint
857 1612 1018 1708 epistolae
1037 1613 1163 1708 quoti-

60 1719 220 1810 dianae,
238 1745 355 1821 quum
376 1724 575 1819 praesertim
590 1745 712 1817 neque
729 1746 822 1791 nova
840 1719 887 1791 de
901 1746 940 1791 re
955 1721 1075 1819 aliqua
1088 1747 1164 1793 cer·

59 1833 218 1903 tiorem
247 1845 282 1901 te
308 1829 454 1918 faciam,
474 1855 599 1929 neque
622 1855 753 1900 novam
776 1830 936 1928 denique
953 1833 1028 1926 jam
1058 1856 1162 1931 repe·

56 1944 174 2014 riam
187 1939 373 2013 scribendi
387 1941 497 2012 ullam
512 1943 740 2013 sententiam.
754 1941 822 2011 Sed
836 1943 884 2026 si,
900 1939 1022 2012 dedita
1033 1965 1164 2039 opera,

56 2075 201 2151 quum
219 2076 326 2124 causa
340 2051 441 2122 nulla
458 2066 567 2140 esset,
586 2051 790 2123 tabellarios
812 2052 856 2122 ad
877 2068 913 2123 te
938 2077 1022 2122 curn
1047 2054 1164 2122 inani·

56 2155 154 2234 hus
163 2161 329 2259 epistolis
338 2162 520 2233 mitterem
533 2215 543 2250 ,
556 2160 713 2234 facerem
725 2164 867 2260 inepte:
882 2161 1055 2233 euntibus
1066 2188 1166 2249 vero,

60 2272 295 2344 domesticis
315 2275 535 2370 praesertim,
561 2288 604 2343 ut
622 2272 714 2342 nihil
736 2271 781 2342 ad
803 2287 838 2342 te
858 2271 940 2342 dem
960 2273 1165 2355 literarum,

61 2383 205 2454 facere
220 2407 299 2452 non
321 2406 480 2478 possum.
500 2385 545 2451 Et
563 2381 670 2452 simul
691 2383 705 2475 (
720 2381 827 2452 crede
842 2381 931 2450 mihi
946 2379 959 2474 )
974 2385 1164 2477 requiesco

66 2492 250 2591 paullum
270 2492 308 2562 in
328 2492 384 2562 his
405 2493 585 2579 miseriis,
606 2517 722 2589 quum
744 2495 847 2589 quasi
866 2507 987 2562 tecum
1008 2492 1164 2588 loquor;

62 2629 203 2702 quum
225 2628 313 2674 vcro
336 2616 417 2672 tuas
442 2603 611 2700 epistolas
638 2601 738 2698 lego,
759 2601 878 2672 multo
904 2602 1010 2672 etiam
1040 2602 1165 2698 magis.
1250 2693 1252 2696 Ι

69 2716 250 2782 Omnino
279 2711 471 2807 intelligo,
507 2712 650 2782 nullum
682 2713 791 2782 fuisse
816 2726 961 2808 ternpus
987 2726 1071 2809 post
1101 2711 1165 2783 has

73 2821 188 2922 fugas
204 2837 243 2894 et
256 2820 488 2910 formidines,
507 2822 607 2919 quod
618 2828 733 2920 magis
744 2821 911 2894 debuerit
929 2838 1071 2892 mutum
1088 2848 1166 2894 esse
1220 2823 1224 2828 ’

77 2955 105 3004 a
133 2934 277 3005 literis:
301 2947 518 3031 propterea,
545 2933 644 3030 quod
670 2958 790 3030 neque
821 2940 943 3004 Romae
963 2933 1162 3033 quidquam

83 3041 234 3114 auditur
244 3045 346 3131 novi3
362 3067 430 3114 nec
447 3047 484 3114 in
500 3045 557 3115 his
572 3046 678 3128 locis,
696 3070 777 3142 quae
791 3068 811 3115 a
824 3043 1019 3115 Brundisio
1033 3042 1167 3115 absunt
1289 3030 1293 3035 ¹

85 3155 259 3249 propius,
279 3178 389 3250 quam
409 3170 470 3242 tu,
493 3154 666 3240 biduum,
689 3169 751 3226 aut
781 3156 953 3226 triduum.
982 3154 1165 3224 Brundisii

90 3278 208 3334 autem
222 3288 331 3334 omne
350 3279 537 3335 certamen
557 3269 711 3337 vertitur
727 3265 837 3359 hujus
857 3267 964 3363 primi
981 3267 1166 3362 temporis.

10 3394 12 3398 ’
93 3372 169 3461 Qua
187 3372 338 3470 quidem
359 3378 627 3473 exspectatione
644 3391 831 3472 torqueor.
853 3375 925 3448 Sed
946 3376 1068 3447 omnia
1080 3389 1165 3447 ante

10 3529 23 3555 .
96 3502 154 3552 nos
168 3483 334 3554 sciemus.
354 3484 493 3556 Eodem
512 3488 609 3557 enim
632 3485 689 3557 die
707 3487 815 3557 video
833 3491 1007 3558 Caesarem
1028 3511 1048 3556 a
1071 3488 1161 3555 Cor·

10 3601 27 3633 ²⁵
98 3586 174 3663 linio
183 3607 267 3692 post
280 3593 469 3667 meridiem
482 3594 690 3694 profectum
703 3622 798 3685 esse,
812 3596 849 3667 id
861 3610 914 3668 est
924 3592 1127 3684 ,Feralibus
1138 3606 1164 3683 ¹,
1273 3594 1277 3599 ’

109 3871 111 3875 ἲ
129 3808 296 3856 trudibus.
305 3809 393 3858 Cicero
407 3810 599 3857 exFartirvete·
643 3809 698 3857 dius
719 3821 744 3857 et
767 3809 809 3856 alii
829 3812 978 3873 posteriores
997 3809 1058 3858 allos
1076 3814 1161 3861 resto·

101 3885 292 3951 ruponufim
304 3888 387 3935 feralia
401 3889 598 3938 retulitiuocta·
643 3889 750 3952 requuti,
762 3905 851 3954 nempe
864 3905 923 3947 eos,
936 3889 979 3950 qui
992 3903 1008 3935 ι
1021 3891 1051 3940 C.
1067 3890 1162 3938 Caute
1179 3876 1182 3883 ¹

10 3993 29 4019 s-
100 3977 146 4013 ἰι
161 3967 212 4017 ht.
232 3971 347 4026 nufias,
362 3985 413 4032 quo
432 3969 474 4017 dic
492 3968 599 4018 &uncio
643 3980 667 4016 et
681 3971 794 4032 Augusto
812 3980 898 4033 porte·
919 3971 1024 4016 correcti
1044 3972 1161 4028 larunt,

10 4070 26 4097 e-
101 4042 378 4111 ltndtPompcimmt
389 4048 456 4096 idem
468 4047 601 4097 confirmat
643 4063 700 4094 cum
712 4048 778 4103 diem
796 4049 885 4095 Qum
904 4047 989 4096 triduo
1007 4060 1064 4097 rme
1081 4049 1157 4097 collo·

101 4122 187 4187 ‘phele
199 4127 273 4191 pr'ni
286 4125 344 4175 libri
352 4127 484 4192 coquinis.
494 4131 528 4175 At
537 4126 599 4174 Ori·
643 4136 722 4175 cent:
742 4128 766 4175 ei
782 4127 848 4175 enim
866 4128 988 4190 miscunt
1006 4128 1163 4176 undecimum
